3642 5225
365 507 416 568 lh8
759 507 970 564 Tusculanarum
987 508 1192 577 disputationum

364 673 428 749 est,
458 670 542 753 quod
573 690 669 735 suum
693 689 838 753 quaeque
865 671 984 736 retinet
1005 690 1065 737 nec
1087 671 1221 736 discedit
1250 673 1289 736 ab
1313 689 1363 749 eo,
1395 672 1441 736 sic
1475 673 1605 737 homini

363 780 466 843 multo
501 778 655 860 quiddam
689 779 924 861 praestantium
965 779 1027 844 etsi
1060 779 1256 861 praestantia
1291 779 1407 843 dehent
1448 798 1491 844 ea
1528 781 1605 859 dici,

365 904 446 967 quae
468 886 588 950 habent
612 885 753 967 aliquam
776 885 1052 969 comparationem,
1074 885 1234 950 humanus
1258 888 1367 950 autem
1390 887 1524 950 animus
1547 887 1606 952 de·

364 995 492 1075 carptus
516 1011 554 1056 ex
576 995 683 1057 mente
700 992 807 1057 divina
829 1012 903 1057 cum
927 993 989 1057 alio
1010 994 1099 1058 nullo
1122 993 1185 1057 nisi
1208 1012 1281 1058 cum
1304 993 1372 1075 ipso
1396 992 1466 1070 deo,
1492 995 1520 1058 si
1538 995 1603 1060 hoc

321 1098 412 1164 assas
435 1101 485 1164 est
508 1099 612 1176 dictu,
636 1099 813 1182 comparari
835 1101 949 1183 potest.
994 1099 1056 1164 Hic
1078 1100 1176 1181 igitur
1199 1100 1227 1164 si
1249 1102 1299 1164 cst
1322 1101 1485 1178 excultus,
1511 1104 1545 1166 et
1571 1103 1601 1166 si

364 1207 431 1270 eius
455 1207 539 1271 acies
562 1207 609 1270 ita
632 1210 744 1271 curata
766 1208 831 1284 est,
855 1209 955 1271 utne
979 1208 1162 1271 caecaretur
1185 1207 1359 1284 erroribus,
1388 1206 1426 1270 fit
1448 1207 1601 1290 perfecta

362 1332 463 1390 mens,
486 1313 518 1377 id
542 1316 593 1378 est
616 1314 763 1378 absoluta
778 1313 870 1391 ratic,
893 1313 978 1396 quod
1001 1315 1051 1378 est
1069 1312 1154 1378 idem
1170 1313 1282 1377 virtus.
1370 1313 1422 1391 Et,
1446 1314 1476 1378 si
1501 1334 1601 1380 omne

363 1420 493 1484 beatum
510 1422 569 1498 est,
592 1421 644 1485 cui
666 1420 747 1484 nihil
763 1421 861 1498 deest,
885 1422 918 1485 et
941 1420 1025 1502 quod
1046 1421 1080 1484 in
1103 1439 1161 1484 suo
1177 1439 1291 1502 genere
1315 1422 1479 1503 expletum
1497 1424 1601 1505 atque

364 1528 565 1592 cumulatum
589 1531 651 1605 est,
674 1527 770 1609 idque
793 1527 922 1593 virtutis
946 1529 997 1592 est
1018 1528 1196 1610 proprium,
1220 1532 1304 1592 certe
1328 1546 1437 1592 omnes
1460 1529 1601 1592 virtutis

363 1637 523 1717 compotes
553 1635 640 1699 beati
670 1636 754 1698 sunt.
800 1635 842 1697 Et
870 1634 930 1698 hoc
954 1633 1083 1716 quidem
1106 1635 1185 1698 mihi
1208 1654 1281 1698 cum
1304 1634 1405 1698 Bruto
1437 1637 1601 1712 convenit,

362 1738 395 1802 id
419 1742 469 1804 eet
492 1760 565 1804 cum
589 1741 770 1817 Aristotele,
792 1740 980 1819 Xenocrate,
1005 1740 1188 1824 Speusippo,
1210 1741 1388 1806 Polemone.
1428 1740 1495 1806 Sed
1516 1745 1601 1807 mihi

318 1845 510 1911 irridentur
541 1847 638 1911 etiam
668 1848 853 1912 beatissimi.
899 1847 983 1928 Quid
1013 1849 1098 1913 enim
1121 1850 1213 1914 deest
1242 1848 1283 1913 ad
1305 1850 1396 1913 beate
1420 1850 1601 1915 vivendum

363 1953 407 2028 ei,
438 1953 493 2035 qui
517 1954 647 2018 confidit
678 1955 745 2019 suis
768 1955 881 2019 bonis?
911 1958 976 2032 aut,
1001 1956 1056 2037 qui
1079 1955 1201 2032 diffidit,
1224 1956 1337 2020 beatus
1361 1974 1432 2020 θεεθ
1456 1957 1517 2038 qui
1541 1977 1599 2041 po·

310 2061 450 2129 uuest?
496 2063 540 2125 At
572 2061 697 2126 diffidat
725 2080 854 2127 necesse
885 2065 951 2139 est,
981 2063 1035 2143 qui
1065 2063 1147 2127 bona
1171 2062 1284 2127 dividit
1311 2063 1482 2145 tripertito.
1534 2063 1599 2144 Qui

362 2168 448 2231 enim
470 2169 588 2251 poterit
611 2171 669 2233 aut
691 2169 830 2252 corporis
853 2169 1005 2233 firmitate
1037 2173 1094 2233 aut
1117 2168 1263 2234 fortunae
1295 2170 1471 2234 stabilitate
1497 2172 1600 2236 confi-

364 2272 459 2338 dere?
505 2276 605 2357 Atqui
628 2276 690 2339 nisi
714 2276 820 2340 stabili
851 2281 883 2340 et
904 2276 966 2340 fixo
996 2279 1029 2340 et
1050 2279 1256 2359 permanente
1279 2278 1360 2341 bono
1383 2277 1500 2342 heatus
1526 2299 1600 2344 θεεθ

363 2400 456 2445 nemo
479 2385 593 2465 potest.
640 2380 724 2460 Quid
748 2401 823 2464 ergo
846 2383 1001 2447 eiusmodi
1023 2383 1159 2447 istorum
1187 2385 1259 2448 est?
1291 2386 1329 2448 nt
1355 2383 1433 2447 mihi
1457 2385 1602 2451 Laconis

362 2487 442 2551 illud
465 2488 587 2553 dictum
610 2489 643 2553 in
666 2489 724 2553 hos
748 2490 859 2554 eadere
883 2489 1037 2568 videatur,
1070 2491 1123 2572 qui
1146 2491 1295 2572 glorianti
1319 2491 1446 2555 cuidam
1470 2511 1602 2558 merca-

362 2595 440 2672 tori,
469 2597 553 2678 quod
582 2597 703 2661 multas
733 2616 831 2662 naves
855 2598 894 2666 in
919 2617 1044 2663 ornnem
1075 2617 1164 2663 oram
1186 2599 1382 2663 maritimam
1406 2598 1601 2678 dimisisset,

361 2861 414 2913 deu
432 2861 580 2929 Hauptsatz
599 2863 657 2928 (nec
675 2860 789 2915 discedit
806 2863 840 2917 ab
858 2865 897 2931 co)
916 2864 1016 2931 htufig.
1040 2895 1074 2903 —
1099 2864 1235 2933 decerptus
1253 2880 1285 2917 cc
1302 2867 1388 2917 orente
1405 2862 1518 2934 dimna]
1545 2866 1602 2935 vgl.

361 2949 412 3018 111,
431 2952 461 3004 2:
481 2950 602 3019 &amuli
607 2970 614 3019 3
638 2951 708 3004 nach
726 2951 775 3004 der
792 2952 974 3020 Auschauung
991 2953 1040 3005 der
1058 2952 1161 3006 Stoilrer
1178 2952 1227 3021 gilt
1244 2952 1288 3006 die
1307 2951 1470 3021 Gleichung:
1489 2961 1603 3009 natura

361 3066 397 3087 =
414 3040 490 3109 igme
510 3067 542 3086 =
562 3041 705 3110 (absoluta)
723 3041 796 3095 ratc'o
814 3044 859 3109 (=
877 3042 976 3110 virtus)
996 3067 1028 3085 =
1048 3042 1112 3095 deus
1131 3042 1298 3110 (rotundcs);
1322 3040 1446 3095 Ausfluss
1465 3042 1516 3096 der
1536 3045 1603 3098 feu·

361 3130 437 3199 rigen
450 3130 597 3185 Weltseele
615 3131 674 3184 sind
693 3130 736 3184 die
754 3130 994 3185 Menschensealen
1012 3131 1054 3200 (de
1073 3133 1126 3185 nat.
1146 3132 1218 3185 deor.
1237 3131 1274 3198 H,
1292 3130 1438 3185 besonders
1457 3132 1473 3200 ξ
1491 3133 1601 3202 30fi.):

363 3224 499 3294 ἀπόρροια
523 3229 597 3275 θεοῦ.
635 3220 694 3288 Vgl.
713 3220 778 3274 Hor.
798 3222 847 3274 sat.
866 3221 906 3288 II,
931 3222 960 3289 2,
985 3222 1032 3275 79:
1053 3220 1170 3289 „adfigit
1193 3220 1274 3274 humo
1299 3219 1405 3274 divinae
1430 3220 1602 3288 particulam

362 3312 473 3362 surae“.
493 3340 527 3348 -
546 3326 609 3362 cum
627 3310 684 3363 alah
701 3311 787 3379 ααίἰο]
806 3310 949 3364 Neutrum.

436 3419 476 3460 aa.
501 3406 543 3459 ita
561 3411 658 3460 curata
737 3413 769 3461 ut
785 3410 829 3477 αθ]
853 3407 938 3461 durch
957 3407 999 3462 die
1017 3407 1186 3476 Philosophia
1205 3424 1258 3461 von
1277 3407 1329 3461 den
1348 3406 1511 3462 schlimmen
1529 3408 1602 3463 mn-

361 3495 474 3561 iliissen,
493 3495 544 3548 wie
562 3496 601 3548 sie
619 3496 666 3549 des
678 3499 703 3551 3.
718 3496 795 3551 Buch
808 3497 845 3550 im
859 3499 983 3552 Vcrwon
996 3497 1138 3565 schildert;
1155 3502 1186 3551 ct
1197 3514 1231 3550 αθ
1249 3495 1439 3565 beahsichtigte
1452 3496 1548 3567 Fulge.
1565 3530 1601 3541 —

360 3584 492 3651 aepletum
509 3589 534 3637 et
551 3586 731 3654 cumulatum]
756 3586 938 3655 „vollstdndig
955 3586 1010 3640 und
1028 3586 1235 3641 volllrommen“.
1254 3617 1287 3625 —
1311 3586 1435 3640 absoluta
1451 3587 1541 3657 ratae]
1564 3612 1600 3636 =

362 3676 446 3746 ὀρθὸς
464 3677 546 3744 λόγος
563 3674 613 3727 der
630 3673 742 3728 Stoiker.

434 3784 475 3825 40.
495 3772 545 3839 qui
562 3772 676 3839 confidet
693 3772 754 3826 suis
773 3772 865 3842 bonis]
883 3772 937 3841 vgl.
958 3790 1015 3843 „ex
1033 3789 1062 3827 se
1081 3774 1138 3842 ipso
1157 3776 1219 3842 apta
1237 3777 1300 3828 sunt
1318 3773 1429 3827 omnia“
1449 3776 1476 3843 (ξ
1499 3778 1557 3845 36).

433 3916 511 3984 Kap.
532 3916 583 3972 14.
616 3916 760 3986 tmpcrtito]
779 3916 812 3970 in
825 3916 882 3970 treis
892 3934 993 3985 genero
1001 3916 1123 3985 partita;
1143 3932 1172 3971 so
1186 3917 1317 3986 bipertito,
1332 3918 1548 3987 qucmupertrrc.
1560 3953 1598 3962 —

361 4005 429 4073 quid
507 4006 633 4074 istorum]
659 4006 708 4059 der
732 4006 802 4060 hona
824 4007 945 4075 corporis
970 4012 994 4060 et
1017 4007 1157 4074 fortunae:
1183 4023 1247 4075 „wo
1270 4007 1306 4061 ist
1330 4024 1385 4061 nun
1407 4010 1491 4061 unter
1513 4008 1598 4065 ihren

361 4094 467 4163 Dingen
485 4096 567 4149 etwas
585 4110 615 4149 so
633 4095 815 4150 demutare
839 4127 873 4135 -
897 4098 937 4165 ct]
957 4095 1150 4165 selbstlindiger
1172 4096 1211 4150 als
1234 4096 1415 4165 gewdhnlich,
1437 4096 1490 4150 wie
1509 4099 1597 4167 ὥστες

361 4183 489 4251 „daher“
509 4184 552 4253 (da
570 4199 600 4237 θε
618 4186 698 4237 unter
715 4184 807 4238 diesen
825 4184 914 4239 nichts
932 4185 1088 4239 Dauerndes
1105 4185 1179 4254 gibt).
1200 4217 1234 4225 —
1252 4186 1382 4255 Βαθθαίε]
1401 4186 1458 4240 Der
1472 4185 1599 4241 Stamin-

361 4289 440 4326 name
467 4273 540 4326 Laco
568 4273 660 4327 deutet
686 4273 769 4327 schon
793 4275 840 4329 auf
863 4275 905 4327 die
930 4274 1026 4341 hurze,
1050 4276 1185 4329 metienda
1203 4277 1326 4330 Antwort
1343 4274 1390 4327 hin
1408 4277 1526 4345 (Λάκων
1543 4298 1598 4345 τις,

361 4367 493 4416 Λάκαινα
507 4364 569 4430 τις);
584 4361 712 4416 Plutarch
725 4362 753 4416 in
767 4363 860 4417 seinen
871 4362 1096 4437 Ἀποφθέγματα
1108 4364 1197 4434 (diota)
1212 4372 1286 4421 Λακ.
1298 4382 1324 4433 p.
1334 4367 1420 4421 2341:
1435 4408 1451 4430 „
1458 4370 1530 4438 πρὸς
1543 4371 1599 4422 τὸν

360 4455 549 4523 μακαρίζοντα
562 4456 687 4524 Λάμπιν
700 4456 749 4507 τὸν
761 4457 921 4525 Αἰγινήτην,
940 4455 1014 4508 διότι
1028 4455 1117 4509 ἐδόκει
1131 4458 1338 4517 πλουσιώτατος
1354 4456 1425 4510 εἶναι
1438 4459 1597 4529 ναυκλήρια

362 4543 451 4594 πολλὰ
470 4542 554 4611 ἔχων,
581 4545 685 4597 Λάκων
708 4542 798 4597 εἶπεν·
818 4546 852 4597 οὐ
876 4548 1004 4618 προσέχω
1029 4541 1084 4612 (ioh
1102 4542 1179 4597 achte
1198 4542 1274 4597 nicht
1291 4544 1347 4613 aus)
1373 4545 1544 4617 εὐδαιμονίᾳ
1563 4548 1599 4603 lx
