<?xml version="1.0" encoding="UTF-8"?>
<!DOCTYPE html PUBLIC "-//W3C//DTD XHTML 1.0 Transitional//EN"
    "http://www.w3.org/TR/xhtml1/DTD/xhtml1-transitional.dtd">
<html xmlns="http://www.w3.org/1999/xhtml" xml:lang="en" lang="en">
 <head>
  <title>
</title>
<meta http-equiv="Content-Type" content="text/html;charset=utf-8" />
  <meta name='ocr-system' content='tesseract 3.04.00' />
  <meta name='ocr-capabilities' content='ocr_page ocr_carea ocr_par ocr_line ocrx_word'/>
</head>
<body>
  <div class='ocr_page' id='page_1' title='image "./mtulliiciceroni71cicegoog/mtulliiciceroni71cicegoog_0103.png"; bbox 0 0 3642 5225; ppageno 0'>
   <div class='ocr_carea' id='block_1_1' title="bbox 744 510 1507 582">
    <p class='ocr_par' dir='ltr' id='par_1_1' title="bbox 744 510 1507 582">
     <span class='ocr_line' id='line_1_1' title="bbox 744 510 1507 582; baseline -0.001 -13"><span class='ocrx_word' id='word_1_1' title='bbox 744 513 801 569; x_wconf 90' lang='lat' dir='ltr'>Lib.</span> <span class='ocrx_word' id='word_1_2' title='bbox 819 513 868 582; x_wconf 87' lang='lat' dir='ltr'>IV,</span> <span class='ocrx_word' id='word_1_3' title='bbox 888 529 910 567; x_wconf 88' lang='lat' dir='ltr'>o.</span> <span class='ocrx_word' id='word_1_4' title='bbox 933 514 1044 568; x_wconf 88' lang='lat'>10-11.</span> <span class='ocrx_word' id='word_1_5' title='bbox 1473 510 1507 570; x_wconf 74' lang='lat' dir='ltr'>ai</span> 
     </span>
    </p>
   </div>
   <div class='ocr_carea' id='block_1_2' title="bbox 272 675 1555 2578">
    <p class='ocr_par' dir='ltr' id='par_1_2' title="bbox 272 675 1555 2578">
     <span class='ocr_line' id='line_1_2' title="bbox 272 675 1508 770; baseline -0.005 -25"><span class='ocrx_word' id='word_1_6' title='bbox 272 675 450 770; x_wconf 69' lang='grc' dir='ltr'>φιλογυνία</span> <span class='ocrx_word' id='word_1_7' title='bbox 484 677 619 755; x_wconf 84' lang='lat' dir='ltr'>dieitur,</span> <span class='ocrx_word' id='word_1_8' title='bbox 657 676 833 760; x_wconf 75' lang='lat' dir='ltr'>[dotemque</span> <span class='ocrx_word' id='word_1_9' title='bbox 873 675 1020 740; x_wconf 86' lang='lat' dir='ltr'>simihter</span> <span class='ocrx_word' id='word_1_10' title='bbox 1057 675 1174 758; x_wconf 89' lang='lat' dir='ltr'><strong>morbi]</strong></span> <span class='ocrx_word' id='word_1_11' title='bbox 1212 675 1508 757; x_wconf 74' lang='lat' dir='ltr'>aegrotationesque</span> 
     </span>
     <span class='ocr_line' id='line_1_3' title="bbox 274 782 1510 866; baseline -0.004 -15"><span class='ocrx_word' id='word_1_12' title='bbox 274 788 466 852; x_wconf 87' lang='lat' dir='ltr'>naseuntur.</span> <span class='ocrx_word' id='word_1_13' title='bbox 512 784 601 864; x_wconf 85' lang='lat' dir='ltr'>Quae</span> <span class='ocrx_word' id='word_1_14' title='bbox 624 786 733 848; x_wconf 90' lang='lat' dir='ltr'>autem</span> <span class='ocrx_word' id='word_1_15' title='bbox 757 785 833 847; x_wconf 88' lang='lat' dir='ltr'>sunt</span> <span class='ocrx_word' id='word_1_16' title='bbox 856 782 906 846; x_wconf 93' lang='lat' dir='ltr'>his</span> <span class='ocrx_word' id='word_1_17' title='bbox 930 782 1106 859; x_wconf 87' lang='lat' dir='ltr'>eontraria,</span> <span class='ocrx_word' id='word_1_18' title='bbox 1139 800 1177 846; x_wconf 90' lang='lat' dir='ltr'>ea</span> <span class='ocrx_word' id='word_1_19' title='bbox 1199 782 1288 847; x_wconf 87' lang='lat' dir='ltr'>nasei</span> <span class='ocrx_word' id='word_1_20' title='bbox 1310 783 1467 866; x_wconf 90' lang='lat' dir='ltr'>putantur</span> <span class='ocrx_word' id='word_1_21' title='bbox 1490 800 1510 846; x_wconf 89' lang='lat' dir='ltr'>a</span> 
     </span>
     <span class='ocr_line' id='line_1_4' title="bbox 275 889 1510 976; baseline -0.004 -17"><span class='ocrx_word' id='word_1_22' title='bbox 275 894 386 971; x_wconf 88' lang='lat' dir='ltr'>metu,</span> <span class='ocrx_word' id='word_1_23' title='bbox 416 894 454 957; x_wconf 91' lang='lat' dir='ltr'>ut</span> <span class='ocrx_word' id='word_1_24' title='bbox 477 892 612 956; x_wconf 93' lang='lat' dir='ltr'>odium</span> <span class='ocrx_word' id='word_1_25' title='bbox 642 891 876 968; x_wconf 87' lang='lat' dir='ltr'>mulierum,</span> <span class='ocrx_word' id='word_1_26' title='bbox 908 890 1002 972; x_wconf 92' lang='lat' dir='ltr'>quale</span> <span class='ocrx_word' id='word_1_27' title='bbox 1025 890 1059 953; x_wconf 92' lang='lat' dir='ltr'>in</span> <span class='ocrx_word' id='word_1_28' title='bbox 1080 889 1242 976; x_wconf 75' lang='lat' dir='ltr'>praoydorp</span> <span class='ocrx_word' id='word_1_29' title='bbox 1265 890 1355 954; x_wconf 88' lang='lat' dir='ltr'>Atilii</span> <span class='ocrx_word' id='word_1_30' title='bbox 1377 892 1443 967; x_wconf 89' lang='lat' dir='ltr'>est,</span> <span class='ocrx_word' id='word_1_31' title='bbox 1472 891 1510 954; x_wconf 89' lang='lat' dir='ltr'>ut</span> 
     </span>
     <span class='ocr_line' id='line_1_5' title="bbox 276 996 1510 1080; baseline -0.004 -14"><span class='ocrx_word' id='word_1_32' title='bbox 276 1002 320 1066; x_wconf 87' lang='lat' dir='ltr'>in</span> <span class='ocrx_word' id='word_1_33' title='bbox 343 998 550 1064; x_wconf 92' lang='lat' dir='ltr'>hominum</span> <span class='ocrx_word' id='word_1_34' title='bbox 573 999 814 1063; x_wconf 89' lang='lat' dir='ltr'>universum</span> <span class='ocrx_word' id='word_1_35' title='bbox 837 1015 980 1079; x_wconf 91' lang='lat' dir='ltr'>genus,</span> <span class='ocrx_word' id='word_1_36' title='bbox 1005 997 1089 1077; x_wconf 92' lang='lat' dir='ltr'>quod</span> <span class='ocrx_word' id='word_1_37' title='bbox 1113 997 1292 1080; x_wconf 89' lang='lat' dir='ltr'>aooepimus</span> <span class='ocrx_word' id='word_1_38' title='bbox 1316 996 1354 1061; x_wconf 95' lang='lat' dir='ltr'>de</span> <span class='ocrx_word' id='word_1_39' title='bbox 1371 997 1510 1076; x_wconf 86' lang='lat' dir='ltr'>Timone,</span> 
     </span>
     <span class='ocr_line' id='line_1_6' title="bbox 277 1105 1509 1192; baseline -0.002 -20"><span class='ocrx_word' id='word_1_40' title='bbox 277 1108 338 1190; x_wconf 93' lang='lat' dir='ltr'>qui</span> <span class='ocrx_word' id='word_1_41' title='bbox 351 1105 592 1192; x_wconf 71' lang='grc' dir='ltr'><em>μισάνθρωπος</em></span> <span class='ocrx_word' id='word_1_42' title='bbox 608 1106 796 1188; x_wconf 86' lang='lat' dir='ltr'>appellatur,</span> <span class='ocrx_word' id='word_1_43' title='bbox 819 1107 857 1168; x_wconf 91' lang='lat' dir='ltr'>ut</span> <span class='ocrx_word' id='word_1_44' title='bbox 874 1105 1196 1188; x_wconf 78' lang='lat' dir='ltr'>inhospitalitas</span> <span class='ocrx_word' id='word_1_45' title='bbox 1220 1107 1278 1182; x_wconf 80' lang='lat' dir='ltr'>est,</span> <span class='ocrx_word' id='word_1_46' title='bbox 1302 1124 1383 1187; x_wconf 89' lang='lat' dir='ltr'>quae</span> <span class='ocrx_word' id='word_1_47' title='bbox 1400 1123 1509 1178; x_wconf 86' lang='lat' dir='ltr'>omnes</span> 
     </span>
     <span class='ocr_line' id='line_1_7' title="bbox 276 1211 1510 1296; baseline -0.004 -17"><span class='ocrx_word' id='word_1_48' title='bbox 276 1213 516 1296; x_wconf 81' lang='lat' dir='ltr'>aegrotationes</span> <span class='ocrx_word' id='word_1_49' title='bbox 547 1212 646 1276; x_wconf 86' lang='lat' dir='ltr'>animi</span> <span class='ocrx_word' id='word_1_50' title='bbox 675 1230 712 1276; x_wconf 84' lang='lat' dir='ltr'>ex</span> <span class='ocrx_word' id='word_1_51' title='bbox 743 1211 882 1293; x_wconf 89' lang='lat' dir='ltr'>quodam</span> <span class='ocrx_word' id='word_1_52' title='bbox 916 1213 1006 1275; x_wconf 90' lang='lat' dir='ltr'>metu</span> <span class='ocrx_word' id='word_1_53' title='bbox 1040 1213 1217 1276; x_wconf 87' lang='lat' dir='ltr'>naseuntur</span> <span class='ocrx_word' id='word_1_54' title='bbox 1251 1230 1362 1276; x_wconf 88' lang='lat' dir='ltr'>earum</span> <span class='ocrx_word' id='word_1_55' title='bbox 1393 1230 1510 1288; x_wconf 88' lang='lat' dir='ltr'>rerum,</span> 
     </span>
     <span class='ocr_line' id='line_1_8' title="bbox 281 1317 1553 1403; baseline -0.004 -19"><span class='ocrx_word' id='word_1_56' title='bbox 281 1339 364 1403; x_wconf 90' lang='lat' dir='ltr'>quas</span> <span class='ocrx_word' id='word_1_57' title='bbox 391 1319 520 1400; x_wconf 81' lang='lat' dir='ltr'>fugiunt</span> <span class='ocrx_word' id='word_1_58' title='bbox 549 1321 582 1382; x_wconf 92' lang='lat' dir='ltr'>et</span> <span class='ocrx_word' id='word_1_59' title='bbox 609 1318 753 1382; x_wconf 92' lang='lat' dir='ltr'>oderunt.</span> <span class='ocrx_word' id='word_1_60' title='bbox 797 1317 964 1383; x_wconf 91' lang='lat' dir='ltr'>Definiunt</span> <span class='ocrx_word' id='word_1_61' title='bbox 991 1321 1100 1383; x_wconf 92' lang='lat' dir='ltr'>autem</span> <span class='ocrx_word' id='word_1_62' title='bbox 1128 1318 1226 1382; x_wconf 89' lang='lat' dir='ltr'>animi</span> <span class='ocrx_word' id='word_1_63' title='bbox 1256 1319 1553 1401; x_wconf 81' lang='lat' dir='ltr'>aegrotatio-as</span> 
     </span>
     <span class='ocr_line' id='line_1_9' title="bbox 280 1425 1511 1510; baseline -0.004 -18"><span class='ocrx_word' id='word_1_64' title='bbox 280 1447 371 1492; x_wconf 91' lang='lat' dir='ltr'>nem</span> <span class='ocrx_word' id='word_1_65' title='bbox 402 1426 616 1510; x_wconf 89' lang='lat' dir='ltr'>opinationem</span> <span class='ocrx_word' id='word_1_66' title='bbox 645 1426 867 1490; x_wconf 82' lang='lat' dir='ltr'>vehementem</span> <span class='ocrx_word' id='word_1_67' title='bbox 898 1426 937 1490; x_wconf 90' lang='lat' dir='ltr'>de</span> <span class='ocrx_word' id='word_1_68' title='bbox 966 1445 1001 1490; x_wconf 91' lang='lat' dir='ltr'>re</span> <span class='ocrx_word' id='word_1_69' title='bbox 1030 1445 1093 1489; x_wconf 90' lang='lat' dir='ltr'>non</span> <span class='ocrx_word' id='word_1_70' title='bbox 1124 1425 1312 1509; x_wconf 85' lang='lat' dir='ltr'>expetenda,</span> <span class='ocrx_word' id='word_1_71' title='bbox 1342 1427 1511 1506; x_wconf 83' lang='lat' dir='ltr'>tamquam</span> 
     </span>
     <span class='ocr_line' id='line_1_10' title="bbox 282 1531 1511 1616; baseline -0.003 -17"><span class='ocrx_word' id='word_1_72' title='bbox 282 1535 376 1600; x_wconf 84' lang='lat' dir='ltr'>valde</span> <span class='ocrx_word' id='word_1_73' title='bbox 399 1532 574 1616; x_wconf 86' lang='lat' dir='ltr'>expetenda</span> <span class='ocrx_word' id='word_1_74' title='bbox 597 1533 648 1610; x_wconf 89' lang='lat' dir='ltr'>sit,</span> <span class='ocrx_word' id='word_1_75' title='bbox 670 1532 891 1597; x_wconf 87' lang='lat' dir='ltr'>inhaerentem</span> <span class='ocrx_word' id='word_1_76' title='bbox 914 1535 947 1596; x_wconf 89' lang='lat' dir='ltr'>et</span> <span class='ocrx_word' id='word_1_77' title='bbox 962 1533 1090 1616; x_wconf 89' lang='lat' dir='ltr'>penitus</span> <span class='ocrx_word' id='word_1_78' title='bbox 1113 1533 1252 1598; x_wconf 87' lang='lat' dir='ltr'>insitam.</span> <span class='ocrx_word' id='word_1_79' title='bbox 1294 1531 1385 1611; x_wconf 82' lang='lat' dir='ltr'>Quod</span> <span class='ocrx_word' id='word_1_80' title='bbox 1401 1534 1511 1596; x_wconf 89' lang='lat' dir='ltr'>autem</span> 
     </span>
     <span class='ocr_line' id='line_1_11' title="bbox 281 1638 1511 1722; baseline -0.004 -15"><span class='ocrx_word' id='word_1_81' title='bbox 281 1641 428 1707; x_wconf 89' lang='lat' dir='ltr'>naseitur</span> <span class='ocrx_word' id='word_1_82' title='bbox 451 1659 489 1704; x_wconf 80' lang='lat' dir='ltr'>ex</span> <span class='ocrx_word' id='word_1_83' title='bbox 512 1638 691 1716; x_wconf 89' lang='lat' dir='ltr'>offensione,</span> <span class='ocrx_word' id='word_1_84' title='bbox 714 1639 761 1703; x_wconf 86' lang='lat' dir='ltr'>ita</span> <span class='ocrx_word' id='word_1_85' title='bbox 776 1639 949 1703; x_wconf 86' lang='lat' dir='ltr'>definiunt:</span> <span class='ocrx_word' id='word_1_86' title='bbox 973 1640 1154 1722; x_wconf 92' lang='lat' dir='ltr'>opinionem</span> <span class='ocrx_word' id='word_1_87' title='bbox 1175 1640 1399 1706; x_wconf 88' lang='lat' dir='ltr'>vehementem</span> <span class='ocrx_word' id='word_1_88' title='bbox 1415 1638 1453 1703; x_wconf 94' lang='lat' dir='ltr'>de</span> <span class='ocrx_word' id='word_1_89' title='bbox 1476 1656 1511 1702; x_wconf 92' lang='lat' dir='ltr'>re</span> 
     </span>
     <span class='ocr_line' id='line_1_12' title="bbox 282 1746 1511 1830; baseline -0.003 -17"><span class='ocrx_word' id='word_1_90' title='bbox 282 1768 348 1814; x_wconf 92' lang='lat' dir='ltr'>non</span> <span class='ocrx_word' id='word_1_91' title='bbox 371 1747 522 1830; x_wconf 85' lang='lat' dir='ltr'>fugienda</span> <span class='ocrx_word' id='word_1_92' title='bbox 543 1746 763 1810; x_wconf 87' lang='lat' dir='ltr'>inhaerentem</span> <span class='ocrx_word' id='word_1_93' title='bbox 792 1748 825 1811; x_wconf 89' lang='lat' dir='ltr'>et</span> <span class='ocrx_word' id='word_1_94' title='bbox 846 1746 976 1829; x_wconf 89' lang='lat' dir='ltr'>penitus</span> <span class='ocrx_word' id='word_1_95' title='bbox 1000 1747 1130 1811; x_wconf 89' lang='lat' dir='ltr'>insitam</span> <span class='ocrx_word' id='word_1_96' title='bbox 1153 1749 1321 1829; x_wconf 91' lang='lat' dir='ltr'>tamquam</span> <span class='ocrx_word' id='word_1_97' title='bbox 1344 1746 1511 1828; x_wconf 84' lang='lat' dir='ltr'>fugienda;</span> 
     </span>
     <span class='ocr_line' id='line_1_13' title="bbox 283 1852 1512 1937; baseline -0.002 -17"><span class='ocrx_word' id='word_1_98' title='bbox 283 1857 364 1920; x_wconf 85' lang='lat' dir='ltr'>haee</span> <span class='ocrx_word' id='word_1_99' title='bbox 387 1858 496 1919; x_wconf 88' lang='lat' dir='ltr'>autem</span> <span class='ocrx_word' id='word_1_100' title='bbox 519 1853 658 1937; x_wconf 90' lang='lat' dir='ltr'>opinatio</span> <span class='ocrx_word' id='word_1_101' title='bbox 681 1854 731 1917; x_wconf 91' lang='lat' dir='ltr'>est</span> <span class='ocrx_word' id='word_1_102' title='bbox 753 1852 903 1917; x_wconf 90' lang='lat' dir='ltr'>iudieatio</span> <span class='ocrx_word' id='word_1_103' title='bbox 928 1872 961 1918; x_wconf 87' lang='lat' dir='ltr'>se</span> <span class='ocrx_word' id='word_1_104' title='bbox 986 1854 1081 1929; x_wconf 89' lang='lat' dir='ltr'>seire,</span> <span class='ocrx_word' id='word_1_105' title='bbox 1112 1853 1196 1936; x_wconf 91' lang='lat' dir='ltr'>quod</span> <span class='ocrx_word' id='word_1_106' title='bbox 1217 1855 1349 1919; x_wconf 86' lang='lat' dir='ltr'>neseiat.</span> <span class='ocrx_word' id='word_1_107' title='bbox 1393 1856 1512 1935; x_wconf 84' lang='lat' dir='ltr'>Aegro·</span> 
     </span>
     <span class='ocr_line' id='line_1_14' title="bbox 281 1960 1512 2041; baseline -0.002 -15"><span class='ocrx_word' id='word_1_108' title='bbox 281 1961 399 2026; x_wconf 90' lang='lat' dir='ltr'>tationi</span> <span class='ocrx_word' id='word_1_109' title='bbox 422 1963 531 2026; x_wconf 89' lang='lat' dir='ltr'>autem</span> <span class='ocrx_word' id='word_1_110' title='bbox 547 1961 626 2024; x_wconf 87' lang='lat' dir='ltr'>talia</span> <span class='ocrx_word' id='word_1_111' title='bbox 642 1960 800 2041; x_wconf 86' lang='lat' dir='ltr'>quaedam</span> <span class='ocrx_word' id='word_1_112' title='bbox 824 1961 967 2025; x_wconf 76' lang='lat' dir='ltr'>subiecta</span> <span class='ocrx_word' id='word_1_113' title='bbox 990 1963 1083 2025; x_wconf 90' lang='lat' dir='ltr'>sunt:</span> <span class='ocrx_word' id='word_1_114' title='bbox 1108 1962 1302 2037; x_wconf 84' lang='lat' dir='ltr'>avaritia,</span> <span class='ocrx_word' id='word_1_115' title='bbox 1325 1961 1512 2038; x_wconf 89' lang='lat' dir='ltr'>ambitio,</span> 
     </span>
     <span class='ocr_line' id='line_1_15' title="bbox 283 2067 1513 2150; baseline -0.002 -17"><span class='ocrx_word' id='word_1_116' title='bbox 283 2069 588 2144; x_wconf 89' lang='lat' dir='ltr'>mulierositas,</span> <span class='ocrx_word' id='word_1_117' title='bbox 611 2067 860 2150; x_wconf 86' lang='lat' dir='ltr'>pervioaoia,</span> <span class='ocrx_word' id='word_1_118' title='bbox 883 2067 1119 2149; x_wconf 86' lang='lat' dir='ltr'>ligurritio,</span> <span class='ocrx_word' id='word_1_119' title='bbox 1142 2068 1394 2145; x_wconf 86' lang='lat' dir='ltr'>vinulentia,</span> <span class='ocrx_word' id='word_1_120' title='bbox 1418 2086 1513 2149; x_wconf 91' lang='lat' dir='ltr'>oup-</span> 
     </span>
     <span class='ocr_line' id='line_1_16' title="bbox 283 2174 1514 2260; baseline -0.002 -20"><span class='ocrx_word' id='word_1_121' title='bbox 283 2174 420 2260; x_wconf 89' lang='lat' dir='ltr'>pedia,</span> <span class='ocrx_word' id='word_1_122' title='bbox 450 2181 483 2239; x_wconf 90' lang='lat' dir='ltr'>et</span> <span class='ocrx_word' id='word_1_123' title='bbox 511 2175 538 2239; x_wconf 91' lang='lat' dir='ltr'>si</span> <span class='ocrx_word' id='word_1_124' title='bbox 566 2192 631 2256; x_wconf 88' lang='lat' dir='ltr'>qua</span> <span class='ocrx_word' id='word_1_125' title='bbox 658 2175 783 2237; x_wconf 88' lang='lat' dir='ltr'>similia.</span> <span class='ocrx_word' id='word_1_126' title='bbox 828 2175 888 2238; x_wconf 81' lang='lat' dir='ltr'>Est</span> <span class='ocrx_word' id='word_1_127' title='bbox 916 2180 1025 2239; x_wconf 88' lang='lat' dir='ltr'>autem</span> <span class='ocrx_word' id='word_1_128' title='bbox 1053 2174 1232 2238; x_wconf 87' lang='lat' dir='ltr'>avaritia</span> <span class='ocrx_word' id='word_1_129' title='bbox 1259 2175 1397 2257; x_wconf 88' lang='lat' dir='ltr'>opinatio</span> <span class='ocrx_word' id='word_1_130' title='bbox 1419 2174 1514 2238; x_wconf 86' lang='lat' dir='ltr'>vehe-</span> 
     </span>
     <span class='ocr_line' id='line_1_17' title="bbox 284 2281 1513 2365; baseline -0.002 -18"><span class='ocrx_word' id='word_1_131' title='bbox 284 2301 377 2347; x_wconf 85' lang='lat' dir='ltr'>mens</span> <span class='ocrx_word' id='word_1_132' title='bbox 400 2282 439 2346; x_wconf 90' lang='lat' dir='ltr'>de</span> <span class='ocrx_word' id='word_1_133' title='bbox 462 2282 605 2365; x_wconf 88' lang='lat' dir='ltr'>peounia,</span> <span class='ocrx_word' id='word_1_134' title='bbox 629 2282 721 2362; x_wconf 90' lang='lat' dir='ltr'>quasi</span> <span class='ocrx_word' id='word_1_135' title='bbox 744 2281 835 2346; x_wconf 89' lang='lat' dir='ltr'>valde</span> <span class='ocrx_word' id='word_1_136' title='bbox 859 2282 1035 2364; x_wconf 83' lang='lat' dir='ltr'>expetenda</span> <span class='ocrx_word' id='word_1_137' title='bbox 1059 2282 1115 2357; x_wconf 86' lang='lat' dir='ltr'>sit,</span> <span class='ocrx_word' id='word_1_138' title='bbox 1137 2281 1306 2345; x_wconf 87' lang='lat' dir='ltr'>inhaerens</span> <span class='ocrx_word' id='word_1_139' title='bbox 1330 2284 1363 2345; x_wconf 91' lang='lat' dir='ltr'>et</span> <span class='ocrx_word' id='word_1_140' title='bbox 1384 2281 1513 2364; x_wconf 89' lang='lat' dir='ltr'>penitus</span> 
     </span>
     <span class='ocr_line' id='line_1_18' title="bbox 285 2386 1555 2472; baseline 0.001 -19"><span class='ocrx_word' id='word_1_141' title='bbox 285 2390 401 2472; x_wconf 88' lang='lat' dir='ltr'>insita,</span> <span class='ocrx_word' id='word_1_142' title='bbox 423 2389 598 2470; x_wconf 90' lang='lat' dir='ltr'>similisque</span> <span class='ocrx_word' id='word_1_143' title='bbox 623 2391 656 2452; x_wconf 90' lang='lat' dir='ltr'>et</span> <span class='ocrx_word' id='word_1_144' title='bbox 678 2388 821 2453; x_wconf 87' lang='lat' dir='ltr'>eiusdem</span> <span class='ocrx_word' id='word_1_145' title='bbox 843 2388 969 2470; x_wconf 86' lang='lat' dir='ltr'>generis</span> <span class='ocrx_word' id='word_1_146' title='bbox 993 2388 1133 2453; x_wconf 89' lang='lat' dir='ltr'>definitio</span> <span class='ocrx_word' id='word_1_147' title='bbox 1156 2389 1362 2470; x_wconf 87' lang='lat' dir='ltr'>reliquarum.</span> <span class='ocrx_word' id='word_1_148' title='bbox 1409 2386 1555 2454; x_wconf 72' lang='lat' dir='ltr'>Ossan-ar</span> 
     </span>
     <span class='ocr_line' id='line_1_19' title="bbox 286 2494 1514 2578; baseline -0.001 -18"><span class='ocrx_word' id='word_1_149' title='bbox 286 2497 413 2560; x_wconf 91' lang='lat' dir='ltr'>sionum</span> <span class='ocrx_word' id='word_1_150' title='bbox 443 2497 551 2559; x_wconf 88' lang='lat' dir='ltr'>autem</span> <span class='ocrx_word' id='word_1_151' title='bbox 583 2494 780 2559; x_wconf 88' lang='lat' dir='ltr'>definitiones</span> <span class='ocrx_word' id='word_1_152' title='bbox 810 2499 887 2559; x_wconf 90' lang='lat' dir='ltr'>sunt</span> <span class='ocrx_word' id='word_1_153' title='bbox 917 2495 1087 2572; x_wconf 90' lang='lat' dir='ltr'>eiusmodi,</span> <span class='ocrx_word' id='word_1_154' title='bbox 1123 2497 1159 2558; x_wconf 93' lang='lat' dir='ltr'>ut</span> <span class='ocrx_word' id='word_1_155' title='bbox 1188 2495 1514 2578; x_wconf 86' lang='lat' dir='ltr'>inhospitalitas</span> 
     </span>
    </p>
   </div>
   <div class='ocr_carea' id='block_1_3' title="bbox 286 2601 1516 2901">
    <p class='ocr_par' dir='ltr' id='par_1_3' title="bbox 286 2601 1516 2901">
     <span class='ocr_line' id='line_1_20' title="bbox 286 2601 1515 2687; baseline -0.002 -18"><span class='ocrx_word' id='word_1_156' title='bbox 286 2604 331 2669; x_wconf 88' lang='lat' dir='ltr'>sit</span> <span class='ocrx_word' id='word_1_157' title='bbox 353 2603 457 2687; x_wconf 91' lang='lat' dir='ltr'>opinio</span> <span class='ocrx_word' id='word_1_158' title='bbox 480 2601 651 2668; x_wconf 86' lang='lat' dir='ltr'>vehemens</span> <span class='ocrx_word' id='word_1_159' title='bbox 674 2602 767 2666; x_wconf 82' lang='lat' dir='ltr'>valde</span> <span class='ocrx_word' id='word_1_160' title='bbox 790 2601 977 2685; x_wconf 90' lang='lat' dir='ltr'>fugiendum</span> <span class='ocrx_word' id='word_1_161' title='bbox 1001 2622 1070 2668; x_wconf 90' lang='lat' dir='ltr'>esse</span> <span class='ocrx_word' id='word_1_162' title='bbox 1088 2601 1257 2685; x_wconf 90' lang='lat' dir='ltr'>hospitem,</span> <span class='ocrx_word' id='word_1_163' title='bbox 1281 2622 1381 2685; x_wconf 86' lang='lat' dir='ltr'>eaque</span> <span class='ocrx_word' id='word_1_164' title='bbox 1405 2601 1515 2667; x_wconf 90' lang='lat' dir='ltr'>inhae-</span> 
     </span>
     <span class='ocr_line' id='line_1_21' title="bbox 286 2709 1516 2794; baseline 0 -19"><span class='ocrx_word' id='word_1_165' title='bbox 286 2729 361 2775; x_wconf 85' lang='lat' dir='ltr'>rens</span> <span class='ocrx_word' id='word_1_166' title='bbox 377 2713 410 2775; x_wconf 84' lang='lat' dir='ltr'>et</span> <span class='ocrx_word' id='word_1_167' title='bbox 424 2710 552 2794; x_wconf 90' lang='lat' dir='ltr'>penitus</span> <span class='ocrx_word' id='word_1_168' title='bbox 568 2711 673 2786; x_wconf 91' lang='lat' dir='ltr'>insita,</span> <span class='ocrx_word' id='word_1_169' title='bbox 690 2710 898 2790; x_wconf 89' lang='lat' dir='ltr'>similiterque</span> <span class='ocrx_word' id='word_1_170' title='bbox 916 2709 1066 2774; x_wconf 86' lang='lat' dir='ltr'>definitur</span> <span class='ocrx_word' id='word_1_171' title='bbox 1081 2712 1113 2774; x_wconf 93' lang='lat' dir='ltr'>et</span> <span class='ocrx_word' id='word_1_172' title='bbox 1128 2710 1347 2774; x_wconf 90' lang='lat' dir='ltr'>mulierum</span> <span class='ocrx_word' id='word_1_173' title='bbox 1369 2710 1516 2788; x_wconf 92' lang='lat' dir='ltr'>odium,</span> 
     </span>
     <span class='ocr_line' id='line_1_22' title="bbox 287 2816 1205 2901; baseline -0.002 -20"><span class='ocrx_word' id='word_1_174' title='bbox 287 2819 326 2881; x_wconf 91' lang='lat' dir='ltr'>ut</span> <span class='ocrx_word' id='word_1_175' title='bbox 348 2816 523 2901; x_wconf 87' lang='lat' dir='ltr'>Hippolyti,</span> <span class='ocrx_word' id='word_1_176' title='bbox 546 2822 587 2893; x_wconf 91' lang='lat' dir='ltr'>et,</span> <span class='ocrx_word' id='word_1_177' title='bbox 610 2819 647 2880; x_wconf 92' lang='lat' dir='ltr'>ut</span> <span class='ocrx_word' id='word_1_178' title='bbox 670 2817 818 2894; x_wconf 82' lang='lat' dir='ltr'>Timonis,</span> <span class='ocrx_word' id='word_1_179' title='bbox 841 2818 1006 2899; x_wconf 88' lang='lat' dir='ltr'>generis</span> <span class='ocrx_word' id='word_1_180' title='bbox 1029 2818 1205 2881; x_wconf 89' lang='lat' dir='ltr'>humani.</span> 
     </span>
    </p>
   </div>
   <div class='ocr_carea' id='block_1_4' title="bbox 287 3027 1603 4697">
    <p class='ocr_par' dir='ltr' id='par_1_4' title="bbox 287 3027 1521 3987">
     <span class='ocr_line' id='line_1_23' title="bbox 363 3027 1517 3096; baseline -0.001 -13"><span class='ocrx_word' id='word_1_181' title='bbox 363 3042 404 3084; x_wconf 75' lang='grc' dir='ltr'>ιι.</span> <span class='ocrx_word' id='word_1_182' title='bbox 429 3027 560 3096; x_wconf 68' lang='lat' dir='ltr'>oneraque</span> <span class='ocrx_word' id='word_1_183' title='bbox 583 3027 714 3081; x_wconf 79' lang='lat' dir='ltr'>similiter</span> <span class='ocrx_word' id='word_1_184' title='bbox 736 3027 839 3096; x_wconf 79' lang='lat' dir='ltr'>morbi]</span> <span class='ocrx_word' id='word_1_185' title='bbox 868 3029 937 3082; x_wconf 73' lang='lat' dir='ltr'>attint</span> <span class='ocrx_word' id='word_1_186' title='bbox 963 3028 1015 3081; x_wconf 92' lang='lat' dir='ltr'>den</span> <span class='ocrx_word' id='word_1_187' title='bbox 1034 3028 1264 3096; x_wconf 86' lang='lat' dir='ltr'>Zusammenhang</span> <span class='ocrx_word' id='word_1_188' title='bbox 1290 3028 1346 3081; x_wconf 93' lang='lat' dir='ltr'>und</span> <span class='ocrx_word' id='word_1_189' title='bbox 1370 3028 1418 3081; x_wconf 87' lang='lat' dir='ltr'>das</span> <span class='ocrx_word' id='word_1_190' title='bbox 1442 3027 1517 3082; x_wconf 84' lang='lat' dir='ltr'>Satn·</span> 
     </span>
     <span class='ocr_line' id='line_1_24' title="bbox 287 3116 1517 3187; baseline -0.001 -15"><span class='ocrx_word' id='word_1_191' title='bbox 287 3118 395 3187; x_wconf 81' lang='lat' dir='ltr'>geiiige.</span> <span class='ocrx_word' id='word_1_192' title='bbox 415 3149 449 3157; x_wconf 94' lang='lat'><strong>—</strong></span> <span class='ocrx_word' id='word_1_193' title='bbox 468 3116 567 3186; x_wconf 71' lang='lat' dir='ltr'>maie]</span> <span class='ocrx_word' id='word_1_194' title='bbox 586 3116 692 3183; x_wconf 86' lang='lat' dir='ltr'>Atilius,</span> <span class='ocrx_word' id='word_1_195' title='bbox 711 3117 758 3169; x_wconf 89' lang='lat' dir='ltr'>der</span> <span class='ocrx_word' id='word_1_196' title='bbox 771 3116 822 3170; x_wconf 84' lang='lat' dir='ltr'>wie</span> <span class='ocrx_word' id='word_1_197' title='bbox 838 3117 939 3170; x_wconf 76' lang='lat' dir='ltr'>Ennius</span> <span class='ocrx_word' id='word_1_198' title='bbox 957 3117 1011 3169; x_wconf 91' lang='lat' dir='ltr'>und</span> <span class='ocrx_word' id='word_1_199' title='bbox 1025 3116 1143 3171; x_wconf 86' lang='lat' dir='ltr'>Naevius</span> <span class='ocrx_word' id='word_1_200' title='bbox 1161 3116 1327 3185; x_wconf 80' lang='lat' dir='ltr'>griechisohe</span> <span class='ocrx_word' id='word_1_201' title='bbox 1346 3116 1452 3184; x_wconf 78' lang='lat' dir='ltr'>Stieis,</span> <span class='ocrx_word' id='word_1_202' title='bbox 1471 3117 1517 3171; x_wconf 91' lang='lat' dir='ltr'>be-</span> 
     </span>
     <span class='ocr_line' id='line_1_25' title="bbox 288 3204 1517 3274; baseline -0.002 -11"><span class='ocrx_word' id='word_1_203' title='bbox 288 3208 401 3263; x_wconf 88' lang='lat' dir='ltr'>sonders</span> <span class='ocrx_word' id='word_1_204' title='bbox 418 3207 465 3260; x_wconf 83' lang='lat' dir='ltr'>des</span> <span class='ocrx_word' id='word_1_205' title='bbox 483 3205 749 3259; x_wconf 81' lang='lat' dir='ltr'>Komddiendiohters</span> <span class='ocrx_word' id='word_1_206' title='bbox 766 3205 915 3259; x_wconf 87' lang='lat' dir='ltr'>Menander</span> <span class='ocrx_word' id='word_1_207' title='bbox 938 3207 985 3258; x_wconf 84' lang='lat' dir='ltr'>fiir</span> <span class='ocrx_word' id='word_1_208' title='bbox 1003 3206 1045 3259; x_wconf 92' lang='lat' dir='ltr'>die</span> <span class='ocrx_word' id='word_1_209' title='bbox 1070 3205 1202 3260; x_wconf 80' lang='lat' dir='ltr'>riimisohe</span> <span class='ocrx_word' id='word_1_210' title='bbox 1220 3205 1317 3259; x_wconf 89' lang='lat' dir='ltr'>Biihne</span> <span class='ocrx_word' id='word_1_211' title='bbox 1339 3204 1517 3274; x_wconf 78' lang='lat' dir='ltr'>bearheitete3</span> 
     </span>
     <span class='ocr_line' id='line_1_26' title="bbox 287 3294 1519 3371; baseline -0.002 -19"><span class='ocrx_word' id='word_1_212' title='bbox 287 3300 444 3371; x_wconf 80' lang='grc' dir='ltr'>μισόγυνος</span> <span class='ocrx_word' id='word_1_213' title='bbox 461 3295 625 3349; x_wconf 82' lang='lat' dir='ltr'>Nebeniorm</span> <span class='ocrx_word' id='word_1_214' title='bbox 645 3312 679 3347; x_wconf 88' lang='lat' dir='ltr'>zu</span> <span class='ocrx_word' id='word_1_215' title='bbox 695 3299 858 3368; x_wconf 70' lang='grc' dir='ltr'>μισογύνης.</span> <span class='ocrx_word' id='word_1_216' title='bbox 877 3326 911 3333; x_wconf 89' lang='grc'><strong>-</strong></span> <span class='ocrx_word' id='word_1_217' title='bbox 934 3296 965 3349; x_wconf 77' lang='lat' dir='ltr'>de</span> <span class='ocrx_word' id='word_1_218' title='bbox 988 3295 1105 3363; x_wconf 80' lang='lat' dir='ltr'>Timone]</span> <span class='ocrx_word' id='word_1_219' title='bbox 1125 3294 1217 3349; x_wconf 90' lang='lat' dir='ltr'>Timon</span> <span class='ocrx_word' id='word_1_220' title='bbox 1241 3295 1312 3349; x_wconf 84' lang='lat' dir='ltr'>lebte</span> <span class='ocrx_word' id='word_1_221' title='bbox 1330 3312 1379 3348; x_wconf 87' lang='lat' dir='ltr'>zur</span> <span class='ocrx_word' id='word_1_222' title='bbox 1397 3295 1455 3349; x_wconf 87' lang='lat' dir='ltr'>Zeit</span> <span class='ocrx_word' id='word_1_223' title='bbox 1472 3296 1519 3350; x_wconf 87' lang='lat' dir='ltr'>des</span> 
     </span>
     <span class='ocr_line' id='line_1_27' title="bbox 290 3383 1520 3453; baseline -0.002 -13"><span class='ocrx_word' id='word_1_224' title='bbox 290 3383 550 3453; x_wconf 87' lang='lat' dir='ltr'>Peloponnesisohen</span> <span class='ocrx_word' id='word_1_225' title='bbox 567 3383 688 3452; x_wconf 82' lang='lat' dir='ltr'>Krieges,</span> <span class='ocrx_word' id='word_1_226' title='bbox 707 3384 810 3438; x_wconf 85' lang='lat' dir='ltr'>erwarb</span> <span class='ocrx_word' id='word_1_227' title='bbox 828 3385 884 3437; x_wconf 89' lang='lat' dir='ltr'>sioh</span> <span class='ocrx_word' id='word_1_228' title='bbox 904 3384 1017 3438; x_wconf 86' lang='lat' dir='ltr'>manahe</span> <span class='ocrx_word' id='word_1_229' title='bbox 1031 3385 1190 3438; x_wconf 85' lang='lat' dir='ltr'>Verdienste</span> <span class='ocrx_word' id='word_1_230' title='bbox 1209 3402 1253 3437; x_wconf 92' lang='lat' dir='ltr'>um</span> <span class='ocrx_word' id='word_1_231' title='bbox 1273 3384 1347 3438; x_wconf 85' lang='lat' dir='ltr'>aeine</span> <span class='ocrx_word' id='word_1_232' title='bbox 1366 3385 1520 3439; x_wconf 79' lang='lat' dir='ltr'>Vateratadt</span> 
     </span>
     <span class='ocr_line' id='line_1_28' title="bbox 289 3472 1520 3543; baseline 0 -15"><span class='ocrx_word' id='word_1_233' title='bbox 289 3474 381 3529; x_wconf 81' lang='lat' dir='ltr'>Athen</span> <span class='ocrx_word' id='word_1_234' title='bbox 404 3473 461 3527; x_wconf 89' lang='lat' dir='ltr'>und</span> <span class='ocrx_word' id='word_1_235' title='bbox 478 3489 534 3527; x_wconf 86' lang='lat' dir='ltr'>war</span> <span class='ocrx_word' id='word_1_236' title='bbox 557 3472 632 3526; x_wconf 87' lang='lat' dir='ltr'>nieht</span> <span class='ocrx_word' id='word_1_237' title='bbox 655 3473 724 3527; x_wconf 92' lang='lat' dir='ltr'>ohne</span> <span class='ocrx_word' id='word_1_238' title='bbox 748 3473 963 3541; x_wconf 87' lang='lat' dir='ltr'>philosophisohs</span> <span class='ocrx_word' id='word_1_239' title='bbox 981 3473 1109 3543; x_wconf 89' lang='lat' dir='ltr'>Bildung,</span> <span class='ocrx_word' id='word_1_240' title='bbox 1135 3474 1199 3527; x_wconf 88' lang='lat' dir='ltr'>aber</span> <span class='ocrx_word' id='word_1_241' title='bbox 1222 3473 1251 3526; x_wconf 90' lang='lat' dir='ltr'>in</span> <span class='ocrx_word' id='word_1_242' title='bbox 1275 3474 1337 3527; x_wconf 89' lang='lat' dir='ltr'>dem</span> <span class='ocrx_word' id='word_1_243' title='bbox 1355 3474 1455 3543; x_wconf 87' lang='lat' dir='ltr'>Kampf</span> <span class='ocrx_word' id='word_1_244' title='bbox 1472 3474 1520 3528; x_wconf 91' lang='lat' dir='ltr'>der</span> 
     </span>
     <span class='ocr_line' id='line_1_29' title="bbox 288 3562 1521 3633; baseline -0.001 -14"><span class='ocrx_word' id='word_1_245' title='bbox 288 3563 365 3619; x_wconf 83' lang='lat' dir='ltr'>alten</span> <span class='ocrx_word' id='word_1_246' title='bbox 381 3563 437 3616; x_wconf 92' lang='lat' dir='ltr'>und</span> <span class='ocrx_word' id='word_1_247' title='bbox 455 3579 545 3616; x_wconf 91' lang='lat' dir='ltr'>neuen</span> <span class='ocrx_word' id='word_1_248' title='bbox 562 3562 724 3630; x_wconf 87' lang='lat' dir='ltr'>Meinungen</span> <span class='ocrx_word' id='word_1_249' title='bbox 742 3562 815 3617; x_wconf 87' lang='lat' dir='ltr'>hatte</span> <span class='ocrx_word' id='word_1_250' title='bbox 834 3579 865 3617; x_wconf 90' lang='lat' dir='ltr'>er</span> <span class='ocrx_word' id='word_1_251' title='bbox 882 3562 1022 3617; x_wconf 85' lang='lat' dir='ltr'>sahlimme</span> <span class='ocrx_word' id='word_1_252' title='bbox 1041 3563 1229 3633; x_wconf 83' lang='lat' dir='ltr'>Eriahrungen</span> <span class='ocrx_word' id='word_1_253' title='bbox 1247 3563 1371 3632; x_wconf 86' lang='lat' dir='ltr'>gemacht</span> <span class='ocrx_word' id='word_1_254' title='bbox 1392 3564 1446 3617; x_wconf 92' lang='lat' dir='ltr'>und</span> <span class='ocrx_word' id='word_1_255' title='bbox 1465 3580 1521 3618; x_wconf 89' lang='lat' dir='ltr'>war</span> 
     </span>
     <span class='ocr_line' id='line_1_30' title="bbox 290 3651 1521 3722; baseline 0.001 -15"><span class='ocrx_word' id='word_1_256' title='bbox 290 3653 337 3708; x_wconf 90' lang='lat' dir='ltr'>ein</span> <span class='ocrx_word' id='word_1_257' title='bbox 355 3651 596 3707; x_wconf 84' lang='lat' dir='ltr'>liensohenhasser</span> <span class='ocrx_word' id='word_1_258' title='bbox 614 3652 764 3720; x_wconf 80' lang='lat' dir='ltr'>geworden,</span> <span class='ocrx_word' id='word_1_259' title='bbox 783 3652 880 3706; x_wconf 86' lang='lat' dir='ltr'>dessen</span> <span class='ocrx_word' id='word_1_260' title='bbox 899 3652 1046 3708; x_wconf 83' lang='lat' dir='ltr'>Charakter</span> <span class='ocrx_word' id='word_1_261' title='bbox 1062 3651 1172 3722; x_wconf 73' lang='lat' dir='ltr'>Spttere</span> <span class='ocrx_word' id='word_1_262' title='bbox 1190 3652 1310 3721; x_wconf 86' lang='lat' dir='ltr'>(Luoian,</span> <span class='ocrx_word' id='word_1_263' title='bbox 1329 3653 1521 3722; x_wconf 82' lang='lat' dir='ltr'>Shahespeare)</span> 
     </span>
     <span class='ocr_line' id='line_1_31' title="bbox 291 3740 1520 3812; baseline 0.001 -16"><span class='ocrx_word' id='word_1_264' title='bbox 291 3758 341 3796; x_wconf 82' lang='lat' dir='ltr'>zur</span> <span class='ocrx_word' id='word_1_265' title='bbox 364 3740 536 3809; x_wconf 87' lang='lat' dir='ltr'>Darstellung</span> <span class='ocrx_word' id='word_1_266' title='bbox 560 3740 651 3794; x_wconf 77' lang='lat' dir='ltr'>roiate,</span> <span class='ocrx_word' id='word_1_267' title='bbox 677 3772 711 3779; x_wconf 97' lang='lat'>—</span> <span class='ocrx_word' id='word_1_268' title='bbox 736 3741 952 3812; x_wconf 68' lang='lat' dir='ltr'>inhospitalitas]</span> <span class='ocrx_word' id='word_1_269' title='bbox 978 3741 1227 3812; x_wconf 83' lang='lat' dir='ltr'>„Ungastliohheit,</span> <span class='ocrx_word' id='word_1_270' title='bbox 1251 3742 1450 3812; x_wconf 85' lang='lat' dir='ltr'>Niohtaohtung</span> <span class='ocrx_word' id='word_1_271' title='bbox 1473 3744 1520 3798; x_wconf 88' lang='lat' dir='ltr'>des</span> 
     </span>
     <span class='ocr_line' id='line_1_32' title="bbox 289 3830 1521 3899; baseline -0.001 -14"><span class='ocrx_word' id='word_1_272' title='bbox 289 3830 495 3896; x_wconf 60' lang='lat' dir='ltr'>unruochum,</span> <span class='ocrx_word' id='word_1_273' title='bbox 521 3846 574 3884; x_wconf 87' lang='lat' dir='ltr'>von</span> <span class='ocrx_word' id='word_1_274' title='bbox 592 3831 654 3884; x_wconf 92' lang='lat' dir='ltr'>dem</span> <span class='ocrx_word' id='word_1_275' title='bbox 676 3846 737 3883; x_wconf 88' lang='lat' dir='ltr'>man</span> <span class='ocrx_word' id='word_1_276' title='bbox 761 3830 799 3882; x_wconf 93' lang='lat' dir='ltr'>im</span> <span class='ocrx_word' id='word_1_277' title='bbox 816 3830 951 3885; x_wconf 81' lang='lat' dir='ltr'>Altertum</span> <span class='ocrx_word' id='word_1_278' title='bbox 976 3830 1055 3884; x_wconf 88' lang='lat' dir='ltr'>einen</span> <span class='ocrx_word' id='word_1_279' title='bbox 1077 3831 1141 3885; x_wconf 88' lang='lat' dir='ltr'>sehr</span> <span class='ocrx_word' id='word_1_280' title='bbox 1163 3831 1361 3899; x_wconf 87' lang='lat' dir='ltr'>ausgedehnten</span> <span class='ocrx_word' id='word_1_281' title='bbox 1381 3832 1521 3886; x_wconf 86' lang='lat' dir='ltr'>Gebraueh</span> 
     </span>
     <span class='ocr_line' id='line_1_33' title="bbox 291 3918 703 3987; baseline -0.002 -14"><span class='ocrx_word' id='word_1_282' title='bbox 291 3919 405 3973; x_wconf 88' lang='lat' dir='ltr'>maohen</span> <span class='ocrx_word' id='word_1_283' title='bbox 423 3919 523 3974; x_wconf 80' lang='lat' dir='ltr'>maists</span> <span class='ocrx_word' id='word_1_284' title='bbox 541 3918 703 3987; x_wconf 81' lang='lat' dir='ltr'>(Proxenie).</span> 
     </span>
    </p>

    <p class='ocr_par' dir='ltr' id='par_1_5' title="bbox 290 4007 1522 4346">
     <span class='ocr_line' id='line_1_34' title="bbox 366 4007 1521 4079; baseline 0 -16"><span class='ocrx_word' id='word_1_285' title='bbox 366 4021 407 4065; x_wconf 75' lang='lat' dir='ltr'>ao.</span> <span class='ocrx_word' id='word_1_286' title='bbox 426 4008 623 4078; x_wconf 74' lang='lat' dir='ltr'>opinationem]</span> <span class='ocrx_word' id='word_1_287' title='bbox 643 4008 864 4078; x_wconf 86' lang='lat' dir='ltr'>„Vorstellung“,</span> <span class='ocrx_word' id='word_1_288' title='bbox 883 4008 977 4078; x_wconf 55' lang='lat' dir='ltr'>minio</span> <span class='ocrx_word' id='word_1_289' title='bbox 997 4007 1180 4078; x_wconf 78' lang='lat' dir='ltr'>„Meinnng“.</span> <span class='ocrx_word' id='word_1_290' title='bbox 1206 4040 1240 4075; x_wconf 82' lang='lat'>·.·</span> <span class='ocrx_word' id='word_1_291' title='bbox 1264 4008 1408 4079; x_wconf 75' lang='lat' dir='ltr'>inda&#39;aatio]</span> <span class='ocrx_word' id='word_1_292' title='bbox 1427 4011 1521 4077; x_wconf 78' lang='lat' dir='ltr'>„nus-</span> 
     </span>
     <span class='ocr_line' id='line_1_35' title="bbox 290 4097 1522 4168; baseline 0.001 -16"><span class='ocrx_word' id='word_1_293' title='bbox 290 4098 376 4152; x_wconf 84' lang='lat' dir='ltr'>druoh</span> <span class='ocrx_word' id='word_1_294' title='bbox 395 4098 443 4151; x_wconf 90' lang='lat' dir='ltr'>des</span> <span class='ocrx_word' id='word_1_295' title='bbox 461 4097 597 4153; x_wconf 78' lang='lat' dir='ltr'>Urteils“.</span> <span class='ocrx_word' id='word_1_296' title='bbox 616 4130 650 4138; x_wconf 98' lang='lat'>—</span> <span class='ocrx_word' id='word_1_297' title='bbox 668 4116 697 4152; x_wconf 85' lang='lat' dir='ltr'>ae</span> <span class='ocrx_word' id='word_1_298' title='bbox 714 4098 794 4167; x_wconf 78' lang='lat' dir='ltr'>seira]</span> <span class='ocrx_word' id='word_1_299' title='bbox 814 4098 894 4168; x_wconf 80' lang='lat' dir='ltr'>„dass</span> <span class='ocrx_word' id='word_1_300' title='bbox 911 4114 975 4152; x_wconf 88' lang='lat' dir='ltr'>man</span> <span class='ocrx_word' id='word_1_301' title='bbox 993 4098 1104 4152; x_wconf 82' lang='lat' dir='ltr'>wisse“.</span> <span class='ocrx_word' id='word_1_302' title='bbox 1124 4129 1157 4137; x_wconf 99' lang='lat'><em>-</em></span> <span class='ocrx_word' id='word_1_303' title='bbox 1176 4097 1247 4152; x_wconf 71' lang='lat' dir='ltr'>talaia</span> <span class='ocrx_word' id='word_1_304' title='bbox 1264 4098 1407 4167; x_wconf 59' lang='lat' dir='ltr'>quaedam</span> <span class='ocrx_word' id='word_1_305' title='bbox 1427 4100 1522 4154; x_wconf 72' lang='grc' dir='ltr'>τοιάδε</span> 
     </span>
     <span class='ocr_line' id='line_1_36' title="bbox 292 4186 1522 4258; baseline -0.002 -15"><span class='ocrx_word' id='word_1_306' title='bbox 292 4192 370 4254; x_wconf 74' lang='grc' dir='ltr'>τινά,</span> <span class='ocrx_word' id='word_1_307' title='bbox 389 4228 406 4255; x_wconf 92' lang='lat'>„</span> <span class='ocrx_word' id='word_1_308' title='bbox 413 4188 483 4241; x_wconf 86' lang='lat' dir='ltr'>etwa</span> <span class='ocrx_word' id='word_1_309' title='bbox 500 4187 623 4256; x_wconf 78' lang='lat' dir='ltr'>fulgenda</span> <span class='ocrx_word' id='word_1_310' title='bbox 630 4190 654 4241; x_wconf 58' lang='lat'>³³.</span> <span class='ocrx_word' id='word_1_311' title='bbox 675 4219 709 4226; x_wconf 91' lang='lat'>—</span> <span class='ocrx_word' id='word_1_312' title='bbox 727 4187 847 4241; x_wconf 58' lang='lat' dir='ltr'>sumnia</span> <span class='ocrx_word' id='word_1_313' title='bbox 864 4189 939 4258; x_wconf 80' lang='lat' dir='ltr'>sunt]</span> <span class='ocrx_word' id='word_1_314' title='bbox 959 4187 1065 4255; x_wconf 78' lang='lat' dir='ltr'>„fallen</span> <span class='ocrx_word' id='word_1_315' title='bbox 1083 4191 1194 4254; x_wconf 84' lang='lat' dir='ltr'>untsr“,</span> <span class='ocrx_word' id='word_1_316' title='bbox 1215 4190 1363 4242; x_wconf 79' lang='grc' dir='ltr'>ὑπόκειται.</span> <span class='ocrx_word' id='word_1_317' title='bbox 1382 4218 1416 4226; x_wconf 98' lang='grc'>-</span> <span class='ocrx_word' id='word_1_318' title='bbox 1435 4186 1522 4255; x_wconf 76' lang='lat' dir='ltr'>lipar-</span> 
     </span>
     <span class='ocr_line' id='line_1_37' title="bbox 292 4275 1203 4346; baseline -0.002 -15"><span class='ocrx_word' id='word_1_319' title='bbox 292 4276 371 4346; x_wconf 74' lang='lat' dir='ltr'>n&#39;iaa]</span> <span class='ocrx_word' id='word_1_320' title='bbox 391 4275 681 4345; x_wconf 81' lang='lat' dir='ltr'>„Naaohhaiiigheit“;</span> <span class='ocrx_word' id='word_1_321' title='bbox 700 4276 834 4345; x_wconf 71' lang='lat' dir='ltr'>cuppedia</span> <span class='ocrx_word' id='word_1_322' title='bbox 851 4279 965 4346; x_wconf 65' lang='lat' dir='ltr'>(mm)</span> <span class='ocrx_word' id='word_1_323' title='bbox 985 4277 1203 4345; x_wconf 78' lang='lat' dir='ltr'>„Ieohereien“.</span> 
     </span>
    </p>

    <p class='ocr_par' dir='ltr' id='par_1_6' title="bbox 291 4364 1526 4614">
     <span class='ocr_line' id='line_1_38' title="bbox 367 4364 1524 4435; baseline -0.002 -16"><span class='ocrx_word' id='word_1_324' title='bbox 367 4378 408 4419; x_wconf 73' lang='grc' dir='ltr'>ιι.</span> <span class='ocrx_word' id='word_1_325' title='bbox 435 4364 593 4435; x_wconf 73' lang='lat' dir='ltr'>fflppolpti]</span> <span class='ocrx_word' id='word_1_326' title='bbox 612 4365 786 4435; x_wconf 83' lang='lat' dir='ltr'>Hippolytoa,</span> <span class='ocrx_word' id='word_1_327' title='bbox 805 4366 854 4420; x_wconf 88' lang='lat' dir='ltr'>der</span> <span class='ocrx_word' id='word_1_328' title='bbox 872 4366 945 4421; x_wconf 85' lang='lat' dir='ltr'>Sohn</span> <span class='ocrx_word' id='word_1_329' title='bbox 963 4367 1011 4420; x_wconf 89' lang='lat' dir='ltr'>des</span> <span class='ocrx_word' id='word_1_330' title='bbox 1028 4367 1161 4433; x_wconf 80' lang='lat' dir='ltr'>Theseus,</span> <span class='ocrx_word' id='word_1_331' title='bbox 1180 4365 1257 4419; x_wconf 64' lang='lat' dir='ltr'>went</span> <span class='ocrx_word' id='word_1_332' title='bbox 1274 4365 1317 4419; x_wconf 93' lang='lat' dir='ltr'>die</span> <span class='ocrx_word' id='word_1_333' title='bbox 1335 4365 1417 4420; x_wconf 87' lang='lat' dir='ltr'>Liebe</span> <span class='ocrx_word' id='word_1_334' title='bbox 1435 4365 1524 4420; x_wconf 90' lang='lat' dir='ltr'>seiner</span> 
     </span>
     <span class='ocr_line' id='line_1_39' title="bbox 291 4452 1523 4525; baseline -0.002 -15"><span class='ocrx_word' id='word_1_335' title='bbox 291 4454 466 4511; x_wconf 81' lang='lat' dir='ltr'>Stieimutter</span> <span class='ocrx_word' id='word_1_336' title='bbox 483 4453 599 4509; x_wconf 86' lang='lat' dir='ltr'>Phaidra</span> <span class='ocrx_word' id='word_1_337' title='bbox 622 4455 723 4509; x_wconf 85' lang='lat' dir='ltr'>zuriioh</span> <span class='ocrx_word' id='word_1_338' title='bbox 750 4455 804 4508; x_wconf 89' lang='lat' dir='ltr'>und</span> <span class='ocrx_word' id='word_1_339' title='bbox 830 4455 890 4509; x_wconf 79' lang='lat' dir='ltr'>salit</span> <span class='ocrx_word' id='word_1_340' title='bbox 913 4455 987 4510; x_wconf 88' lang='lat' dir='ltr'>ihrer</span> <span class='ocrx_word' id='word_1_341' title='bbox 1004 4455 1158 4509; x_wconf 87' lang='lat' dir='ltr'>Raohsuoht</span> <span class='ocrx_word' id='word_1_342' title='bbox 1175 4471 1238 4509; x_wconf 86' lang='lat' dir='ltr'>num</span> <span class='ocrx_word' id='word_1_343' title='bbox 1256 4454 1340 4523; x_wconf 85' lang='lat' dir='ltr'>Opier</span> <span class='ocrx_word' id='word_1_344' title='bbox 1366 4452 1523 4525; x_wconf 78' lang='lat' dir='ltr'>(Euripides&#39;</span> 
     </span>
     <span class='ocr_line' id='line_1_40' title="bbox 292 4542 1526 4614; baseline -0.003 -15"><span class='ocrx_word' id='word_1_345' title='bbox 292 4542 511 4613; x_wconf 83' lang='lat' dir='ltr'>„Hippolytos“,</span> <span class='ocrx_word' id='word_1_346' title='bbox 530 4544 645 4600; x_wconf 88' lang='lat' dir='ltr'>Raeines</span> <span class='ocrx_word' id='word_1_347' title='bbox 664 4544 833 4614; x_wconf 79' lang='lat' dir='ltr'>„Phedre“).</span> <span class='ocrx_word' id='word_1_348' title='bbox 862 4576 895 4584; x_wconf 93' lang='lat'><strong>—</strong></span> <span class='ocrx_word' id='word_1_349' title='bbox 924 4545 964 4599; x_wconf 92' lang='lat' dir='ltr'>Im</span> <span class='ocrx_word' id='word_1_350' title='bbox 984 4544 1069 4599; x_wconf 85' lang='lat' dir='ltr'>elften</span> <span class='ocrx_word' id='word_1_351' title='bbox 1088 4544 1196 4613; x_wconf 86' lang='lat' dir='ltr'>Kapitel</span> <span class='ocrx_word' id='word_1_352' title='bbox 1214 4543 1271 4612; x_wconf 86' lang='lat' dir='ltr'>gibt</span> <span class='ocrx_word' id='word_1_353' title='bbox 1288 4543 1382 4600; x_wconf 78' lang='lat' dir='ltr'>Cicero</span> <span class='ocrx_word' id='word_1_354' title='bbox 1401 4543 1461 4599; x_wconf 88' lang='lat' dir='ltr'>aine</span> <span class='ocrx_word' id='word_1_355' title='bbox 1479 4543 1526 4595; x_wconf 82' lang='lat' dir='ltr'>fiir</span> 
     </span>
    </p>

    <p class='ocr_par' dir='ltr' id='par_1_7' title="bbox 348 4632 1603 4697">
     <span class='ocr_line' id='line_1_41' title="bbox 348 4632 1603 4697; baseline 0.002 -11"><span class='ocrx_word' id='word_1_356' title='bbox 348 4632 403 4687; x_wconf 84' lang='lat' dir='ltr'>Cro.</span> <span class='ocrx_word' id='word_1_357' title='bbox 417 4632 494 4688; x_wconf 82' lang='lat' dir='ltr'>Tuae.</span> <span class='ocrx_word' id='word_1_358' title='bbox 508 4650 640 4690; x_wconf 76' lang='lat' dir='ltr'>orsaorsa.</span> <span class='ocrx_word' id='word_1_359' title='bbox 671 4650 741 4689; x_wconf 82' lang='grc' dir='ltr'>ιιι-ι.</span> <span class='ocrx_word' id='word_1_360' title='bbox 1294 4634 1310 4688; x_wconf 84' lang='lat' dir='ltr'>&#39;i</span> <span class='ocrx_word' id='word_1_361' title='bbox 1529 4663 1603 4697; x_wconf 67' lang='lat'>,-</span> 
     </span>
    </p>
   </div>
   <div class='ocr_carea' id='block_1_5' title="bbox 0 0 1845 5225">
    <p class='ocr_par' dir='ltr' id='par_1_8' title="bbox 0 0 1845 5225">
     <span class='ocr_line' id='line_1_42' title="bbox 0 0 1845 5225; baseline 0 0"><span class='ocrx_word' id='word_1_362' title='bbox 0 0 1845 5225; x_wconf 95' lang='lat' dir='ltr'> </span> 
     </span>
    </p>
   </div>
  </div>
 </body>
</html>
