3642 5225
319 530 372 592 lto
715 529 925 584 Tusculanarum
944 528 1149 598 disputationum

320 713 394 759 omn
418 712 455 758 ea
478 712 575 758 eausa
597 693 762 776 impulerit
777 711 839 770 eos,
863 693 918 774 qui
941 693 1035 776 primi
1059 711 1092 756 se
1116 692 1155 755 ad
1171 691 1388 775 philosophiae
1405 692 1553 756 studium

320 801 533 878 eontulerunt,
556 801 594 865 ut
610 801 757 864 omnibus
772 801 868 864 rebus
891 799 1082 883 posthabitis
1105 801 1189 863 totos
1214 817 1247 862 se
1270 799 1304 862 in
1327 799 1447 882 optimo
1462 800 1555 864 vitae

321 910 410 973 statu
438 908 629 990 exquirendo
659 907 877 982 oonlooarent,
905 906 1046 990 profecto
1075 925 1130 990 spe
1153 907 1246 971 beate
1269 905 1394 971 vivendi
1421 906 1553 971 tantam

320 1014 354 1079 in
378 1034 414 1079 eo
438 1014 544 1079 studio
568 1033 679 1079 euram
695 1032 888 1098 operamque
911 1017 1095 1097 posuerunt.
1141 1011 1262 1091 Quodsi
1286 1013 1325 1076 ab
1355 1013 1394 1076 iis
1418 1013 1553 1077 inventa

321 1124 356 1186 et
370 1121 512 1205 perfeota
527 1122 631 1187 virtus
655 1123 713 1198 est,
737 1123 768 1185 et
792 1122 819 1185 si
842 1121 993 1205 praesidii
1015 1121 1056 1185 ad
1078 1123 1170 1185 beate
1195 1120 1364 1185 vivendum
1379 1120 1413 1182 in
1429 1120 1555 1185 virtute

322 1230 403 1293 satis
433 1230 497 1307 est,
533 1229 604 1310 quis
634 1231 697 1306 est,
729 1228 869 1310 quinon
891 1229 1052 1312 praeolare
1084 1230 1117 1293 et
1147 1228 1186 1292 ab
1216 1228 1279 1291 illis
1308 1227 1445 1310 positam
1475 1229 1509 1291 et
1532 1245 1556 1291 a

321 1335 412 1400 nobis
429 1338 611 1418 susceptam
627 1355 756 1419 operam
771 1335 1013 1419 philosophandi
1029 1336 1225 1400 arbitretur?
1250 1332 1306 1399 Sin
1322 1336 1431 1398 autem
1447 1335 1555 1398 virtus

323 1443 465 1508 subiecta
481 1444 541 1508 sub
557 1443 660 1508 varios
676 1443 877 1525 incertosque
894 1462 988 1508 oasus
1011 1443 1132 1507 famula
1155 1442 1301 1506 fortunae
1325 1443 1375 1505 est
1397 1460 1456 1505 neo
1478 1442 1558 1505 tan-

322 1551 431 1614 tarum
454 1551 568 1615 virium
591 1552 650 1627 est,
673 1554 711 1615 ut
734 1569 767 1615 se
790 1550 860 1633 ipsa
883 1552 1022 1627 tueatur,
1045 1569 1164 1628 vereor,
1186 1568 1227 1614 ne
1250 1568 1313 1613 non
1336 1551 1405 1613 tam
1420 1548 1557 1613 virtutis

323 1656 439 1721 fiduoia
461 1657 629 1722 nitendum
653 1657 744 1722 nobis
760 1657 800 1721 ad
817 1676 907 1740 spem
930 1658 1022 1722 beate
1046 1657 1171 1722 vivendi
1195 1675 1292 1739 quarn
1316 1657 1390 1720 vota
1405 1654 1556 1720 faoienda

300 1764 502 1829 evideantur.
547 1765 706 1846 Equidem
730 1783 782 1830 eos
807 1783 909 1842 ossus,
932 1765 965 1828 in
990 1765 1105 1846 quibus
1128 1783 1179 1829 me
1202 1764 1331 1828 fortuna
1346 1763 1559 1827 vehementer

325 1871 478 1949 exercuit,
507 1889 634 1936 meeum
656 1872 724 1955 ipse
748 1872 951 1937 considerans
975 1872 1050 1936 huie
1072 1872 1186 1955 incipio
1210 1871 1386 1936 sententiae
1410 1870 1559 1935 diffidere

324 1977 486 2042 interdurn
516 1980 549 2043 et
577 1979 711 2044 humani
734 1979 858 2062 generis
888 1979 1141 2044 imbeoilhmtem
1171 1978 1442 2060 fragilitatemque
1474 1979 1559 2043 erti-

325 2103 474 2150 mescere.
519 2085 640 2150 Vereor
664 2086 757 2164 enim,
779 2105 819 2151 ne
842 2089 968 2165 natura,
991 2105 1064 2151 oum
1085 2104 1214 2168 oorpora
1236 2085 1326 2150 nobis
1350 2085 1477 2149 infirma
1500 2084 1561 2149 de-

326 2190 426 2256 disset
459 2192 562 2274 iisque
597 2194 630 2257 et
658 2193 784 2258 morbos
816 2193 1008 2257 insanabiles
1043 2195 1077 2257 et
1099 2192 1223 2256 dolores
1252 2192 1468 2256 intolerabiles
1500 2191 1559 2256 ad-

325 2298 489 2376 iunxisset,
513 2299 634 2363 animos
651 2319 776 2382 quoque
793 2300 916 2364 dederit
935 2303 968 2365 et
984 2319 1150 2383 corporum
1166 2300 1326 2364 doloribus
1342 2302 1561 2381 oongruentes

301 2408 360 2470 ret
383 2407 555 2489 separatim
586 2407 652 2471 suis
677 2408 847 2490 angoribus
878 2410 911 2472 et
939 2407 1093 2471 molestiis
1116 2407 1305 2490 implicatos.
1352 2406 1414 2472 Sed
1435 2407 1468 2469 in
1492 2407 1561 2470 hoe

325 2531 378 2576 me
407 2513 474 2596 ipse
502 2514 638 2597 castigo,
669 2514 753 2596 quod
776 2533 814 2578 er
837 2515 974 2579 aliorum
1004 2517 1037 2579 et
1060 2533 1098 2579 er
1119 2516 1230 2579 nostra
1252 2514 1387 2578 fortasse
1409 2512 1562 2591 mollitia,

326 2639 389 2683 non
421 2639 458 2684 er
487 2621 558 2704 ipsa
581 2623 716 2699 virtute,
749 2623 786 2687 de
810 2623 939 2687 virtutis
970 2623 1079 2688 robore
1112 2622 1266 2687 existimo.
1310 2622 1373 2686 Illa
1395 2621 1496 2699 enirn,
1528 2621 1558 2686 si

326 2726 419 2791 modo
443 2730 493 2791 est
514 2729 581 2791 ulla
604 2730 721 2807 virtus,
752 2749 848 2811 quam
873 2729 1104 2795 dubitationem
1128 2730 1304 2794 avunculus
1328 2731 1420 2805 tuus,
1442 2728 1561 2805 Brute,

327 2833 468 2910 sustulit,
491 2834 606 2911 omnia,
630 2854 711 2917 quae
735 2835 847 2900 eadere
869 2837 903 2900 in
926 2837 1087 2901 hominem
1109 2839 1253 2920 possunt,
1276 2836 1386 2900 subter
1402 2854 1435 2900 se
1457 2836 1564 2899 habet

328 2958 429 3022 eaque
453 2940 629 3024 despiciens
653 2961 746 3007 oasus
770 2944 946 3008 contemnit
968 2945 1124 3009 humanos
1149 2944 1305 3027 culpaque
1334 2942 1419 3006 omni
1442 2960 1561 3006 carens

402 3148 425 3191 a.
444 3154 477 3191 ea
494 3138 591 3207 sousa]
610 3137 687 3191 Naoh
704 3137 792 3191 dieser
806 3137 979 3206 Darstellung
996 3153 1051 3191 war
1068 3137 1144 3191 nieht
1161 3137 1209 3191 der
1222 3136 1422 3191 Wissensdurst
1439 3136 1488 3189 der
1501 3137 1562 3189 An·

327 3225 396 3280 trieh
419 3243 480 3280 zum
498 3226 716 3296 Philosophieren
735 3227 846 3298 (Physilr
864 3243 885 3281 s.
905 3229 920 3297 ξ
941 3227 996 3296 10),
1022 3228 1139 3281 sondern
1160 3228 1207 3281 das
1226 3226 1379 3295 Vertangen
1402 3225 1474 3279 naoh
1495 3225 1560 3280 dern

327 3315 509 3384 gldoksehgen
521 3316 612 3370 leben
630 3316 743 3387 (Ethik);
762 3333 797 3370 zu
814 3317 875 3370 dem
889 3315 1030 3371 Bemiihen
1048 3315 1159 3385 gesellte
1177 3315 1235 3369 sioh
1252 3314 1340 3384 gloioh
1358 3313 1401 3368 die
1413 3313 1566 3384 Hofinung

328 3404 377 3457 auf
389 3404 494 3473 Ertolg;
513 3406 568 3459 und
586 3404 674 3459 dieser
691 3405 783 3459 lohnte
801 3405 860 3459 ihre
878 3406 934 3460 und
951 3404 1027 3459 lohnt
1040 3406 1129 3460 moine
1142 3404 1233 3459 Mune.
1253 3436 1287 3445 —
1306 3404 1417 3458 invento
1493 3421 1565 3472 par·

328 3491 408 3561 ferlo]
423 3492 473 3546 wie
491 3493 520 3546 in
533 3494 581 3548 der
593 3494 746 3548 Redehunst
760 3497 876 3569 (εὑρετὴς
888 3494 1022 3562 Eriinder,
1042 3495 1180 3563 Anlenger
1194 3534 1200 3545 .
1213 3534 1236 3547 ..
1252 3497 1390 3562 τελειωιής
1403 3491 1565 3560 Vollender,

328 3580 509 3650 thepunlt).
530 3613 563 3621 —
583 3583 675 3637 oorrbe
692 3583 868 3653 inaereosqm]
887 3583 981 3639 Cicero
999 3583 1065 3638 liebt
1082 3584 1124 3637 die
1143 3583 1319 3652 Verbindung
1336 3598 1389 3635 von
1409 3580 1475 3635 zwei
1493 3582 1564 3635 oder

329 3670 395 3738 drei,
414 3670 532 3725 seltener
549 3672 626 3726 mehr
643 3672 805 3742 Synonyma.
840 3673 891 3726 aab
909 3673 1011 3728 sttrher
1033 3673 1073 3728 als
1090 3674 1140 3727 der
1157 3672 1245 3727 Dativ.
1271 3704 1306 3712 —
1329 3688 1419 3725 vereor
1436 3672 1481 3740 ne]
1507 3672 1563 3726 wie

329 3760 381 3828 111,
399 3762 443 3828 53,
462 3760 526 3830 „ioh
546 3762 652 3816 mbohte
670 3763 808 3830 meinen“,
827 3762 877 3816 wir
894 3763 1014 3817 miilsten
1032 3778 1084 3816 uns
1102 3762 1168 3816 eher
1186 3762 1246 3815 auis
1265 3762 1351 3815 Beten
1369 3759 1504 3829 verlegen.
1526 3792 1565 3800 -

329 3849 483 3919 nitendum]
503 3866 575 3918 „uns
594 3852 805 3920 emporarbeiten
822 3854 962 3906 miissen‘t.

404 3954 427 3995 a.
445 3939 572 4009 mouit]
591 3939 718 4009 „geplagt
730 3940 785 4008 hat,
804 3942 913 4009 gepriift
925 3941 1006 4009 hat“;
1025 3940 1208 4009 Verbannung
1221 3939 1312 4011 basol,
1330 3937 1567 4009 adhaeream,

331 4028 413 4084 cesar
436 4029 506 4083 noch
530 4029 659 4083 dominus
683 4035 707 4083 et
728 4048 815 4099 poene
839 4048 899 4095 rea,
929 4030 979 4085 wie
1005 4047 1034 4085 es
1059 4030 1171 4084 soheint
1199 4061 1234 4069 -
1261 4028 1446 4097 mmmmm]
1472 4027 1563 4095 „mit-

331 4118 542 4186 emptindend“;
573 4120 625 4173 den
653 4118 962 4189 Sinuesempiindungen
989 4119 1167 4189 entspreohen
1194 4120 1334 4187 Vorgbnge
1361 4118 1397 4170 im
1425 4116 1568 4173 Bewuist·

331 4207 398 4261 sein.
417 4240 451 4248 -
475 4208 625 4279 emporibus
647 4214 671 4262 et
692 4208 834 4279 molestiis]
860 4209 904 4264 die
928 4209 1131 4263 Kiimmemisse
1155 4206 1382 4277 (Vorgangonheit
1400 4236 1434 4246 —
1454 4206 1568 4275 (legen-

331 4298 408 4365 wart)
426 4298 481 4351 und
499 4298 720 4367 Beiiirohtungen
738 4298 885 4367 (anmnft).

403 4399 428 4440 4.
446 4386 480 4438 in
496 4387 555 4456 boo]
574 4388 623 4455 „in
642 4388 743 4442 diesem
757 4388 869 4456 Punite,
888 4387 933 4442 bei
951 4388 1051 4443 diesem
1065 4387 1240 4442 Gedanlren“.
1259 4417 1293 4426 -
1312 4384 1476 4453 anomalus]
1497 4384 1572 4441 (lato

331 4474 476 4541 Uticensis,
494 4477 543 4529 der
559 4476 617 4531 siah
635 4479 670 4532 46
684 4495 709 4530 v.
725 4477 787 4534 chr.
802 4478 831 4531 in
843 4478 924 4533 Utioa
938 4477 1078 4545 ontleibte;
1097 4478 1193 4531 dassen
1211 4474 1429 4530 Halhsehwester
1447 4472 1573 4529 Servilia

331 4580 387 4618 war
404 4564 447 4618 die
465 4563 566 4619 Mutter
583 4565 630 4620 des
648 4566 683 4621 Μ.
702 4568 810 4621 Brutus.
