<?xml version="1.0" encoding="UTF-8"?>
<!DOCTYPE html PUBLIC "-//W3C//DTD XHTML 1.0 Transitional//EN"
    "http://www.w3.org/TR/xhtml1/DTD/xhtml1-transitional.dtd">
<html xmlns="http://www.w3.org/1999/xhtml" xml:lang="en" lang="en">
 <head>
  <title>
</title>
<meta http-equiv="Content-Type" content="text/html;charset=utf-8" />
  <meta name='ocr-system' content='tesseract 3.04.00' />
  <meta name='ocr-capabilities' content='ocr_page ocr_carea ocr_par ocr_line ocrx_word'/>
</head>
<body>
  <div class='ocr_page' id='page_1' title='image "./mtulliiciceroni71cicegoog/mtulliiciceroni71cicegoog_0134.png"; bbox 0 0 3642 5225; ppageno 0'>
   <div class='ocr_carea' id='block_1_1' title="bbox 324 524 1154 595">
    <p class='ocr_par' dir='ltr' id='par_1_1' title="bbox 324 524 1154 595">
     <span class='ocr_line' id='line_1_1' title="bbox 324 524 1154 595; baseline -0.007 -9"><span class='ocrx_word' id='word_1_1' title='bbox 324 524 377 586; x_wconf 72' lang='lat'><strong>128</strong></span> <span class='ocrx_word' id='word_1_2' title='bbox 720 526 929 582; x_wconf 78' lang='lat' dir='ltr'><strong>Tusculanarum</strong></span> <span class='ocrx_word' id='word_1_3' title='bbox 947 526 1154 595; x_wconf 78' lang='lat' dir='ltr'><strong>disputationum</strong></span> 
     </span>
    </p>
   </div>
   <div class='ocr_carea' id='block_1_2' title="bbox 325 688 1560 1200">
    <p class='ocr_par' dir='ltr' id='par_1_2' title="bbox 325 688 1560 1200">
     <span class='ocr_line' id='line_1_2' title="bbox 325 688 1560 771; baseline -0.002 -16"><span class='ocrx_word' id='word_1_4' title='bbox 325 693 433 755; x_wconf 81' lang='lat' dir='ltr'><strong>autem</strong></span> <span class='ocrx_word' id='word_1_5' title='bbox 456 689 496 754; x_wconf 92' lang='lat' dir='ltr'><strong>de</strong></span> <span class='ocrx_word' id='word_1_6' title='bbox 518 689 646 754; x_wconf 83' lang='lat' dir='ltr'><strong>libidine</strong></span> <span class='ocrx_word' id='word_1_7' title='bbox 670 690 770 754; x_wconf 79' lang='lat' dir='ltr'><strong>oratio</strong></span> <span class='ocrx_word' id='word_1_8' title='bbox 793 692 852 754; x_wconf 77' lang='lat' dir='ltr'><strong>eet.</strong></span> <span class='ocrx_word' id='word_1_9' title='bbox 898 688 954 755; x_wconf 86' lang='lat' dir='ltr'><strong>Sin</strong></span> <span class='ocrx_word' id='word_1_10' title='bbox 979 692 1087 754; x_wconf 83' lang='lat' dir='ltr'><strong>autem</strong></span> <span class='ocrx_word' id='word_1_11' title='bbox 1111 690 1161 755; x_wconf 74' lang='lat' dir='ltr'><strong>esd</strong></span> <span class='ocrx_word' id='word_1_12' title='bbox 1183 689 1299 771; x_wconf 85' lang='lat' dir='ltr'><strong>aliquia</strong></span> <span class='ocrx_word' id='word_1_13' title='bbox 1322 707 1419 766; x_wconf 85' lang='lat' dir='ltr'><strong>amor,</strong></span> <span class='ocrx_word' id='word_1_14' title='bbox 1442 690 1481 752; x_wconf 80' lang='lat' dir='ltr'><strong>ub</strong></span> <span class='ocrx_word' id='word_1_15' title='bbox 1504 690 1560 753; x_wconf 83' lang='lat' dir='ltr'><strong>est</strong></span> 
     </span>
     <span class='ocr_line' id='line_1_3' title="bbox 325 795 1560 879; baseline -0.002 -18"><span class='ocrx_word' id='word_1_16' title='bbox 325 799 419 875; x_wconf 80' lang='lat' dir='ltr'><strong>eorde,</strong></span> <span class='ocrx_word' id='word_1_17' title='bbox 443 797 499 879; x_wconf 90' lang='lat' dir='ltr'><strong>qui</strong></span> <span class='ocrx_word' id='word_1_18' title='bbox 520 797 601 861; x_wconf 92' lang='lat' dir='ltr'><strong>nihil</strong></span> <span class='ocrx_word' id='word_1_19' title='bbox 624 797 708 862; x_wconf 81' lang='lat' dir='ltr'><strong>abeib</strong></span> <span class='ocrx_word' id='word_1_20' title='bbox 731 799 877 861; x_wconf 85' lang='lat' dir='ltr'><strong>autnon</strong></span> <span class='ocrx_word' id='word_1_21' title='bbox 898 797 1040 861; x_wconf 74' lang='lat' dir='ltr'><strong>multum</strong></span> <span class='ocrx_word' id='word_1_22' title='bbox 1063 797 1103 861; x_wconf 92' lang='lat' dir='ltr'><strong>ab</strong></span> <span class='ocrx_word' id='word_1_23' title='bbox 1126 797 1263 874; x_wconf 81' lang='lat' dir='ltr'><strong>insania,</strong></span> <span class='ocrx_word' id='word_1_24' title='bbox 1287 796 1392 878; x_wconf 83' lang='lat' dir='ltr'><strong>qualis</strong></span> <span class='ocrx_word' id='word_1_25' title='bbox 1414 796 1448 859; x_wconf 94' lang='lat' dir='ltr'><strong>in</strong></span> <span class='ocrx_word' id='word_1_26' title='bbox 1471 795 1560 860; x_wconf 88' lang='lat' dir='ltr'><strong>Leu-</strong></span> 
     </span>
     <span class='ocr_line' id='line_1_4' title="bbox 325 904 504 970; baseline -0.006 -1"><span class='ocrx_word' id='word_1_27' title='bbox 325 904 415 969; x_wconf 87' lang='lat' dir='ltr'><strong>eadia</strong></span> <span class='ocrx_word' id='word_1_28' title='bbox 438 907 504 970; x_wconf 84' lang='lat' dir='ltr'>est:</span> 
     </span>
     <span class='ocr_line' id='line_1_5' title="bbox 592 1009 1280 1092; baseline 0 -17"><span class='ocrx_word' id='word_1_29' title='bbox 592 1011 635 1076; x_wconf 82' lang='lat' dir='ltr'><strong>Si</strong></span> <span class='ocrx_word' id='word_1_30' title='bbox 659 1011 820 1092; x_wconf 91' lang='lat' dir='ltr'><strong>quidem</strong></span> <span class='ocrx_word' id='word_1_31' title='bbox 843 1011 901 1074; x_wconf 81' lang='lat' dir='ltr'><strong>eii</strong></span> <span class='ocrx_word' id='word_1_32' title='bbox 925 1010 1142 1092; x_wconf 78' lang='lat' dir='ltr'><strong>quisquam</strong></span> <span class='ocrx_word' id='word_1_33' title='bbox 1166 1009 1280 1087; x_wconf 87' lang='lat' dir='ltr'><strong>deue,</strong></span> 
     </span>
     <span class='ocr_line' id='line_1_6' title="bbox 437 1118 854 1200; baseline -0.005 -17"><span class='ocrx_word' id='word_1_34' title='bbox 437 1118 510 1184; x_wconf 84' lang='lat' dir='ltr'><strong>Oui</strong></span> <span class='ocrx_word' id='word_1_35' title='bbox 534 1118 606 1200; x_wconf 74' lang='lat' dir='ltr'><strong>ego</strong></span> <span class='ocrx_word' id='word_1_36' title='bbox 630 1118 703 1183; x_wconf 90' lang='lat' dir='ltr'><strong>sim</strong></span> <span class='ocrx_word' id='word_1_37' title='bbox 726 1135 854 1182; x_wconf 83' lang='lat' dir='ltr'><strong>aurae.</strong></span> 
     </span>
    </p>
   </div>
   <div class='ocr_carea' id='block_1_3' title="bbox 283 1248 1563 1443">
    <p class='ocr_par' dir='ltr' id='par_1_3' title="bbox 283 1248 1563 1443">
     <span class='ocr_line' id='line_1_7' title="bbox 283 1248 1563 1332; baseline 0.001 -19"><span class='ocrx_word' id='word_1_38' title='bbox 283 1252 517 1316; x_wconf 64' lang='lat' dir='ltr'><strong>vendiderat</strong></span> <span class='ocrx_word' id='word_1_39' title='bbox 541 1251 608 1317; x_wconf 85' lang='lat' dir='ltr'><strong>deis</strong></span> <span class='ocrx_word' id='word_1_40' title='bbox 632 1252 779 1315; x_wconf 86' lang='lat' dir='ltr'><strong>omnibus</strong></span> <span class='ocrx_word' id='word_1_41' title='bbox 803 1251 996 1328; x_wconf 87' lang='lat' dir='ltr'><strong>ourandum,</strong></span> <span class='ocrx_word' id='word_1_42' title='bbox 1027 1248 1295 1332; x_wconf 89' lang='lat' dir='ltr'><strong>quemadmodum</strong></span> <span class='ocrx_word' id='word_1_43' title='bbox 1320 1250 1372 1314; x_wconf 90' lang='lat' dir='ltr'><strong>hio</strong></span> <span class='ocrx_word' id='word_1_44' title='bbox 1393 1249 1563 1314; x_wconf 79' lang='lat' dir='ltr'><strong>frueretur</strong></span> 
     </span>
     <span class='ocr_line' id='line_1_8' title="bbox 326 1358 687 1443; baseline -0.008 -20"><span class='ocrx_word' id='word_1_45' title='bbox 326 1361 492 1443; x_wconf 82' lang='lat' dir='ltr'><strong>voluptate</strong></span> <span class='ocrx_word' id='word_1_46' title='bbox 516 1358 687 1423; x_wconf 79' lang='lat' dir='ltr'><strong>amatoria!</strong></span> 
     </span>
    </p>
   </div>
   <div class='ocr_carea' id='block_1_4' title="bbox 328 1482 1523 1948">
    <p class='ocr_par' dir='ltr' id='par_1_4' title="bbox 328 1482 1523 1948">
     <span class='ocr_line' id='line_1_9' title="bbox 438 1482 860 1548; baseline -0.007 0"><span class='ocrx_word' id='word_1_47' title='bbox 438 1484 526 1548; x_wconf 90' lang='lat' dir='ltr'><strong>Heu</strong></span> <span class='ocrx_word' id='word_1_48' title='bbox 548 1502 607 1548; x_wconf 91' lang='lat' dir='ltr'><strong>me</strong></span> <span class='ocrx_word' id='word_1_49' title='bbox 631 1482 860 1548; x_wconf 85' lang='lat' dir='ltr'><strong>lnfelioem!</strong></span> 
     </span>
     <span class='ocr_line' id='line_1_10' title="bbox 328 1616 851 1682; baseline -0.004 -1"><span class='ocrx_word' id='word_1_50' title='bbox 328 1617 417 1681; x_wconf 90' lang='lat' dir='ltr'><strong>Nihil</strong></span> <span class='ocrx_word' id='word_1_51' title='bbox 440 1617 555 1682; x_wconf 86' lang='lat' dir='ltr'><strong>verius.</strong></span> <span class='ocrx_word' id='word_1_52' title='bbox 600 1616 701 1682; x_wconf 89' lang='lat' dir='ltr'><strong>Probe</strong></span> <span class='ocrx_word' id='word_1_53' title='bbox 726 1619 758 1681; x_wconf 83' lang='lat' dir='ltr'><strong>et</strong></span> <span class='ocrx_word' id='word_1_54' title='bbox 780 1617 851 1682; x_wconf 91' lang='lat' dir='ltr'><strong>ille:</strong></span> 
     </span>
     <span class='ocr_line' id='line_1_11' title="bbox 758 1730 1523 1813; baseline -0.001 -17"><span class='ocrx_word' id='word_1_55' title='bbox 758 1731 894 1797; x_wconf 75' lang='lat' dir='ltr'><strong>Sanun</strong></span> <span class='ocrx_word' id='word_1_56' title='bbox 918 1751 975 1810; x_wconf 86' lang='lat' dir='ltr'><strong>ea,</strong></span> <span class='ocrx_word' id='word_1_57' title='bbox 1000 1732 1067 1813; x_wconf 91' lang='lat' dir='ltr'><strong>qui</strong></span> <span class='ocrx_word' id='word_1_58' title='bbox 1091 1731 1244 1797; x_wconf 76' lang='lat' dir='ltr'><strong>temere</strong></span> <span class='ocrx_word' id='word_1_59' title='bbox 1267 1730 1523 1796; x_wconf 79' lang='lat' dir='ltr'><strong>lamentare?</strong></span> 
     </span>
     <span class='ocr_line' id='line_1_12' title="bbox 328 1863 1448 1948; baseline -0.004 -18"><span class='ocrx_word' id='word_1_60' title='bbox 328 1866 390 1930; x_wconf 86' lang='lat' dir='ltr'><strong>Hie</strong></span> <span class='ocrx_word' id='word_1_61' title='bbox 412 1867 544 1931; x_wconf 84' lang='lat' dir='ltr'><strong>insanus</strong></span> <span class='ocrx_word' id='word_1_62' title='bbox 567 1866 695 1931; x_wconf 79' lang='lat' dir='ltr'><strong>videtur</strong></span> <span class='ocrx_word' id='word_1_63' title='bbox 718 1867 816 1931; x_wconf 81' lang='lat' dir='ltr'><strong>eiiam</strong></span> <span class='ocrx_word' id='word_1_64' title='bbox 840 1866 916 1931; x_wconf 86' lang='lat' dir='ltr'><strong>suis.</strong></span> <span class='ocrx_word' id='word_1_65' title='bbox 961 1869 1005 1931; x_wconf 80' lang='lat' dir='ltr'><strong>Ab</strong></span> <span class='ocrx_word' id='word_1_66' title='bbox 1028 1885 1108 1948; x_wconf 86' lang='lat' dir='ltr'><strong>quae</strong></span> <span class='ocrx_word' id='word_1_67' title='bbox 1132 1865 1311 1948; x_wconf 76' lang='lat' dir='ltr'><strong>tragoedias</strong></span> <span class='ocrx_word' id='word_1_68' title='bbox 1336 1863 1448 1930; x_wconf 83' lang='lat' dir='ltr'><strong>effioit!</strong></span> 
     </span>
    </p>
   </div>
   <div class='ocr_carea' id='block_1_5' title="bbox 441 1989 1565 2287">
    <p class='ocr_par' dir='ltr' id='par_1_5' title="bbox 441 1989 1565 2287">
     <span class='ocr_line' id='line_1_13' title="bbox 441 1989 1565 2075; baseline -0.001 -20"><span class='ocrx_word' id='word_1_69' title='bbox 441 1992 507 2069; x_wconf 84' lang='lat' dir='ltr'><strong>Te,</strong></span> <span class='ocrx_word' id='word_1_70' title='bbox 529 1992 676 2075; x_wconf 83' lang='lat' dir='ltr'><strong>Apollo</strong></span> <span class='ocrx_word' id='word_1_71' title='bbox 700 1994 859 2069; x_wconf 80' lang='lat' dir='ltr'><strong>saneto,</strong></span> <span class='ocrx_word' id='word_1_72' title='bbox 887 1991 949 2055; x_wconf 85' lang='lat' dir='ltr'><strong>fe&#39;r</strong></span> <span class='ocrx_word' id='word_1_73' title='bbox 972 2010 1101 2074; x_wconf 88' lang='lat' dir='ltr'><strong>opem,</strong></span> <span class='ocrx_word' id='word_1_74' title='bbox 1129 1993 1268 2072; x_wconf 79' lang='lat' dir='ltr'><strong>deque,</strong></span> <span class='ocrx_word' id='word_1_75' title='bbox 1297 1989 1565 2072; x_wconf 79' lang='lat' dir='ltr'><strong>omnipotens</strong></span> 
     </span>
     <span class='ocr_line' id='line_1_14' title="bbox 1131 2096 1517 2180; baseline -0.003 -19"><span class='ocrx_word' id='word_1_76' title='bbox 1131 2097 1333 2180; x_wconf 79' lang='lat' dir='ltr'>Neptune,</span> <span class='ocrx_word' id='word_1_77' title='bbox 1355 2096 1517 2174; x_wconf 86' lang='lat' dir='ltr'><strong>luvooo,</strong></span> 
     </span>
     <span class='ocr_line' id='line_1_15' title="bbox 442 2204 897 2287; baseline -0.002 -19"><span class='ocrx_word' id='word_1_78' title='bbox 442 2204 604 2287; x_wconf 81' lang='lat' dir='ltr'>Vosque</span> <span class='ocrx_word' id='word_1_79' title='bbox 629 2204 742 2282; x_wconf 80' lang='lat' dir='ltr'><strong>adeo,</strong></span> <span class='ocrx_word' id='word_1_80' title='bbox 765 2205 897 2269; x_wconf 78' lang='lat' dir='ltr'><strong>venti!</strong></span> 
     </span>
    </p>
   </div>
   <div class='ocr_carea' id='block_1_6' title="bbox 330 2329 1566 2520">
    <p class='ocr_par' dir='ltr' id='par_1_6' title="bbox 330 2329 1566 2520">
     <span class='ocr_line' id='line_1_16' title="bbox 330 2329 1566 2394; baseline -0.001 -1"><span class='ocrx_word' id='word_1_81' title='bbox 330 2330 488 2394; x_wconf 88' lang='lat' dir='ltr'><strong>Mundum</strong></span> <span class='ocrx_word' id='word_1_82' title='bbox 516 2332 620 2394; x_wconf 81' lang='lat' dir='ltr'><strong>totum</strong></span> <span class='ocrx_word' id='word_1_83' title='bbox 651 2349 684 2394; x_wconf 90' lang='lat' dir='ltr'><strong>se</strong></span> <span class='ocrx_word' id='word_1_84' title='bbox 713 2329 753 2393; x_wconf 92' lang='lat' dir='ltr'><strong>ad</strong></span> <span class='ocrx_word' id='word_1_85' title='bbox 777 2348 919 2394; x_wconf 87' lang='lat' dir='ltr'><strong>amorem</strong></span> <span class='ocrx_word' id='word_1_86' title='bbox 947 2348 1043 2393; x_wconf 86' lang='lat' dir='ltr'><strong>suum</strong></span> <span class='ocrx_word' id='word_1_87' title='bbox 1070 2329 1301 2394; x_wconf 85' lang='lat' dir='ltr'><strong>sublevandum</strong></span> <span class='ocrx_word' id='word_1_88' title='bbox 1332 2346 1566 2393; x_wconf 87' lang='lat' dir='ltr'><strong>oonvereurum</strong></span> 
     </span>
     <span class='ocr_line' id='line_1_17' title="bbox 331 2436 1145 2520; baseline 0 -21"><span class='ocrx_word' id='word_1_89' title='bbox 331 2439 434 2520; x_wconf 80' lang='lat' dir='ltr'><strong>putat,</strong></span> <span class='ocrx_word' id='word_1_90' title='bbox 457 2436 616 2501; x_wconf 82' lang='lat' dir='ltr'>Venerem</span> <span class='ocrx_word' id='word_1_91' title='bbox 640 2455 738 2500; x_wconf 91' lang='lat' dir='ltr'><strong>unam</strong></span> <span class='ocrx_word' id='word_1_92' title='bbox 763 2436 902 2501; x_wconf 83' lang='lat' dir='ltr'><strong>enoludit</strong></span> <span class='ocrx_word' id='word_1_93' title='bbox 924 2438 962 2500; x_wconf 78' lang='lat' dir='ltr'><strong>ub</strong></span> <span class='ocrx_word' id='word_1_94' title='bbox 984 2437 1145 2518; x_wconf 90' lang='lat' dir='ltr'><strong>iniquam:</strong></span> 
     </span>
    </p>
   </div>
   <div class='ocr_carea' id='block_1_7' title="bbox 759 2549 1567 2636">
    <p class='ocr_par' dir='ltr' id='par_1_7' title="bbox 759 2549 1567 2636">
     <span class='ocr_line' id='line_1_18' title="bbox 759 2549 1567 2636; baseline -0.004 -19"><span class='ocrx_word' id='word_1_95' title='bbox 759 2571 848 2618; x_wconf 91' lang='lat' dir='ltr'><strong>nam</strong></span> <span class='ocrx_word' id='word_1_96' title='bbox 872 2553 970 2635; x_wconf 87' lang='lat' dir='ltr'><strong>quid</strong></span> <span class='ocrx_word' id='word_1_97' title='bbox 994 2571 1064 2636; x_wconf 90' lang='lat' dir='ltr'><strong>ego</strong></span> <span class='ocrx_word' id='word_1_98' title='bbox 1087 2554 1125 2617; x_wconf 82' lang='lat' dir='ltr'><strong>be</strong></span> <span class='ocrx_word' id='word_1_99' title='bbox 1155 2550 1372 2636; x_wconf 72' lang='lat' dir='ltr'>appellem,</span> <span class='ocrx_word' id='word_1_100' title='bbox 1399 2549 1567 2615; x_wconf 83' lang='lat' dir='ltr'><strong>Venus?</strong></span> 
     </span>
    </p>
   </div>
   <div class='ocr_carea' id='block_1_8' title="bbox 280 2686 1574 3411">
    <p class='ocr_par' dir='ltr' id='par_1_8' title="bbox 280 2686 1574 3411">
     <span class='ocr_line' id='line_1_19' title="bbox 332 2686 1568 2770; baseline -0.001 -19"><span class='ocrx_word' id='word_1_101' title='bbox 332 2687 412 2751; x_wconf 82' lang='lat' dir='ltr'><strong>Eam</strong></span> <span class='ocrx_word' id='word_1_102' title='bbox 436 2706 512 2770; x_wconf 86' lang='lat' dir='ltr'><strong>prae</strong></span> <span class='ocrx_word' id='word_1_103' title='bbox 534 2688 664 2752; x_wconf 89' lang='lat' dir='ltr'><strong>libidine</strong></span> <span class='ocrx_word' id='word_1_104' title='bbox 691 2689 789 2770; x_wconf 75' lang='lat' dir='ltr'><strong>negat</strong></span> <span class='ocrx_word' id='word_1_105' title='bbox 817 2706 928 2753; x_wconf 84' lang='lat' dir='ltr'><strong>aurare</strong></span> <span class='ocrx_word' id='word_1_106' title='bbox 957 2688 1146 2770; x_wconf 87' lang='lat' dir='ltr'><strong>quiequam;</strong></span> <span class='ocrx_word' id='word_1_107' title='bbox 1178 2686 1270 2769; x_wconf 82' lang='lat' dir='ltr'><strong>quasi</strong></span> <span class='ocrx_word' id='word_1_108' title='bbox 1297 2705 1371 2751; x_wconf 86' lang='lat' dir='ltr'><strong>vero</strong></span> <span class='ocrx_word' id='word_1_109' title='bbox 1399 2687 1466 2769; x_wconf 83' lang='lat' dir='ltr'><strong>ipse</strong></span> <span class='ocrx_word' id='word_1_110' title='bbox 1498 2705 1568 2751; x_wconf 94' lang='lat' dir='ltr'><strong>non</strong></span> 
     </span>
     <span class='ocr_line' id='line_1_20' title="bbox 332 2793 1257 2877; baseline 0.001 -21"><span class='ocrx_word' id='word_1_111' title='bbox 332 2796 461 2877; x_wconf 84' lang='lat' dir='ltr'>propter</span> <span class='ocrx_word' id='word_1_112' title='bbox 484 2794 647 2858; x_wconf 89' lang='lat' dir='ltr'><strong>libidinem</strong></span> <span class='ocrx_word' id='word_1_113' title='bbox 670 2796 762 2857; x_wconf 76' lang='lat' dir='ltr'><strong>lanta</strong></span> <span class='ocrx_word' id='word_1_114' title='bbox 785 2793 907 2875; x_wconf 83' lang='lat' dir='ltr'><strong>flagitia</strong></span> <span class='ocrx_word' id='word_1_115' title='bbox 931 2797 964 2858; x_wconf 76' lang='lat' dir='ltr'><strong>eb</strong></span> <span class='ocrx_word' id='word_1_116' title='bbox 986 2794 1083 2859; x_wconf 79' lang='lat' dir='ltr'><strong>laoiab</strong></span> <span class='ocrx_word' id='word_1_117' title='bbox 1106 2796 1139 2858; x_wconf 81' lang='lat' dir='ltr'><strong>eb</strong></span> <span class='ocrx_word' id='word_1_118' title='bbox 1162 2793 1257 2858; x_wconf 86' lang='lat' dir='ltr'><strong>dieat.</strong></span> 
     </span>
     <span class='ocr_line' id='line_1_21' title="bbox 280 2899 1570 2982; baseline 0.002 -20"><span class='ocrx_word' id='word_1_119' title='bbox 280 2899 323 2962; x_wconf 69' lang='lat'><strong>85</strong></span> <span class='ocrx_word' id='word_1_120' title='bbox 425 2900 477 2965; x_wconf 87' lang='lat' dir='ltr'><strong>Sie</strong></span> <span class='ocrx_word' id='word_1_121' title='bbox 503 2900 602 2982; x_wconf 86' lang='lat' dir='ltr'><strong>igitur</strong></span> <span class='ocrx_word' id='word_1_122' title='bbox 630 2900 753 2965; x_wconf 84' lang='lat' dir='ltr'><strong>adleobo</strong></span> <span class='ocrx_word' id='word_1_123' title='bbox 781 2901 861 2965; x_wconf 86' lang='lat' dir='ltr'><strong>haee</strong></span> <span class='ocrx_word' id='word_1_124' title='bbox 889 2900 1068 2965; x_wconf 91' lang='lat' dir='ltr'><strong>adhibenda</strong></span> <span class='ocrx_word' id='word_1_125' title='bbox 1096 2901 1217 2965; x_wconf 80' lang='lat' dir='ltr'><strong>ourabio</strong></span> <span class='ocrx_word' id='word_1_126' title='bbox 1247 2901 1312 2978; x_wconf 76' lang='lat' dir='ltr'><strong>esd,</strong></span> <span class='ocrx_word' id='word_1_127' title='bbox 1344 2901 1383 2963; x_wconf 81' lang='lat' dir='ltr'><strong>ub</strong></span> <span class='ocrx_word' id='word_1_128' title='bbox 1411 2902 1444 2965; x_wconf 81' lang='lat' dir='ltr'><strong>eb</strong></span> <span class='ocrx_word' id='word_1_129' title='bbox 1473 2900 1570 2979; x_wconf 86' lang='lat' dir='ltr'><strong>illud,</strong></span> 
     </span>
     <span class='ocr_line' id='line_1_22' title="bbox 291 2987 1570 3091; baseline 0.002 -20"><span class='ocrx_word' id='word_1_130' title='bbox 291 2987 322 3028; x_wconf 83' lang='lat'><strong>⁷⁴</strong></span> <span class='ocrx_word' id='word_1_131' title='bbox 335 3007 419 3089; x_wconf 89' lang='lat' dir='ltr'><strong>quod</strong></span> <span class='ocrx_word' id='word_1_132' title='bbox 443 3008 563 3091; x_wconf 81' lang='lat' dir='ltr'><strong>oupiab‚</strong></span> <span class='ocrx_word' id='word_1_133' title='bbox 592 3008 778 3072; x_wconf 84' lang='lat' dir='ltr'><strong>ostendatur</strong></span> <span class='ocrx_word' id='word_1_134' title='bbox 803 3026 899 3089; x_wconf 90' lang='lat' dir='ltr'><strong>quam</strong></span> <span class='ocrx_word' id='word_1_135' title='bbox 922 3008 1004 3086; x_wconf 87' lang='lat' dir='ltr'><strong>leve,</strong></span> <span class='ocrx_word' id='word_1_136' title='bbox 1034 3026 1131 3090; x_wconf 88' lang='lat' dir='ltr'><strong>quam</strong></span> <span class='ocrx_word' id='word_1_137' title='bbox 1154 3007 1436 3086; x_wconf 81' lang='lat' dir='ltr'><strong>oontemnendum,</strong></span> <span class='ocrx_word' id='word_1_138' title='bbox 1466 3026 1570 3090; x_wconf 89' lang='lat' dir='ltr'><strong>quam</strong></span> 
     </span>
     <span class='ocr_line' id='line_1_23' title="bbox 334 3114 1572 3197; baseline 0.001 -19"><span class='ocrx_word' id='word_1_139' title='bbox 334 3115 426 3179; x_wconf 93' lang='lat' dir='ltr'><strong>nihili</strong></span> <span class='ocrx_word' id='word_1_140' title='bbox 454 3115 497 3179; x_wconf 79' lang='lat' dir='ltr'><strong>eit</strong></span> <span class='ocrx_word' id='word_1_141' title='bbox 524 3116 665 3193; x_wconf 88' lang='lat' dir='ltr'><strong>omnino,</strong></span> <span class='ocrx_word' id='word_1_142' title='bbox 696 3134 793 3197; x_wconf 90' lang='lat' dir='ltr'><strong>quam</strong></span> <span class='ocrx_word' id='word_1_143' title='bbox 820 3114 913 3180; x_wconf 84' lang='lat' dir='ltr'><strong>laoile</strong></span> <span class='ocrx_word' id='word_1_144' title='bbox 936 3115 987 3179; x_wconf 87' lang='lat' dir='ltr'><strong>vel</strong></span> <span class='ocrx_word' id='word_1_145' title='bbox 1015 3114 1142 3179; x_wconf 87' lang='lat' dir='ltr'><strong>aliunde</strong></span> <span class='ocrx_word' id='word_1_146' title='bbox 1165 3116 1216 3180; x_wconf 83' lang='lat' dir='ltr'><strong>vel</strong></span> <span class='ocrx_word' id='word_1_147' title='bbox 1243 3116 1304 3179; x_wconf 92' lang='lat' dir='ltr'><strong>alio</strong></span> <span class='ocrx_word' id='word_1_148' title='bbox 1333 3114 1427 3179; x_wconf 94' lang='lat' dir='ltr'><strong>modo</strong></span> <span class='ocrx_word' id='word_1_149' title='bbox 1455 3114 1572 3197; x_wconf 85' lang='lat' dir='ltr'><strong>perfioi</strong></span> 
     </span>
     <span class='ocr_line' id='line_1_24' title="bbox 335 3221 1573 3305; baseline 0.001 -20"><span class='ocrx_word' id='word_1_150' title='bbox 335 3223 386 3286; x_wconf 83' lang='lat' dir='ltr'><strong>vel</strong></span> <span class='ocrx_word' id='word_1_151' title='bbox 414 3223 541 3287; x_wconf 91' lang='lat' dir='ltr'><strong>omnino</strong></span> <span class='ocrx_word' id='word_1_152' title='bbox 569 3223 695 3305; x_wconf 84' lang='lat' dir='ltr'><strong>neglegi</strong></span> <span class='ocrx_word' id='word_1_153' title='bbox 722 3223 830 3305; x_wconf 79' lang='lat' dir='ltr'><strong>possib.</strong></span> <span class='ocrx_word' id='word_1_154' title='bbox 875 3221 1089 3287; x_wconf 84' lang='lat' dir='ltr'><strong>Abdueendue</strong></span> <span class='ocrx_word' id='word_1_155' title='bbox 1121 3222 1217 3286; x_wconf 84' lang='lat' dir='ltr'><strong>eliam</strong></span> <span class='ocrx_word' id='word_1_156' title='bbox 1245 3224 1295 3286; x_wconf 81' lang='lat' dir='ltr'><strong>esi</strong></span> <span class='ocrx_word' id='word_1_157' title='bbox 1322 3238 1573 3302; x_wconf 86' lang='lat' dir='ltr'><strong>nonnumquam</strong></span> 
     </span>
     <span class='ocr_line' id='line_1_25' title="bbox 336 3328 1574 3411; baseline 0.001 -21"><span class='ocrx_word' id='word_1_158' title='bbox 336 3328 377 3391; x_wconf 92' lang='lat' dir='ltr'><strong>ad</strong></span> <span class='ocrx_word' id='word_1_159' title='bbox 401 3330 464 3391; x_wconf 91' lang='lat' dir='ltr'><strong>alia</strong></span> <span class='ocrx_word' id='word_1_160' title='bbox 487 3329 608 3407; x_wconf 81' lang='lat' dir='ltr'><strong>studia,</strong></span> <span class='ocrx_word' id='word_1_161' title='bbox 637 3329 879 3407; x_wconf 72' lang='lat' dir='ltr'><strong>sollieitudineS‚</strong></span> <span class='ocrx_word' id='word_1_162' title='bbox 909 3347 1018 3406; x_wconf 85' lang='lat' dir='ltr'><strong>ouras,</strong></span> <span class='ocrx_word' id='word_1_163' title='bbox 1046 3329 1187 3411; x_wconf 77' lang='lat' dir='ltr'><strong>negotia,</strong></span> <span class='ocrx_word' id='word_1_164' title='bbox 1214 3329 1275 3393; x_wconf 89' lang='lat' dir='ltr'><strong>looi</strong></span> <span class='ocrx_word' id='word_1_165' title='bbox 1299 3328 1435 3410; x_wconf 90' lang='lat' dir='ltr'><strong>denique</strong></span> <span class='ocrx_word' id='word_1_166' title='bbox 1458 3331 1574 3391; x_wconf 83' lang='lat' dir='ltr'><strong>muta-</strong></span> 
     </span>
    </p>
   </div>
   <div class='ocr_carea' id='block_1_9' title="bbox 335 3538 1584 4412">
    <p class='ocr_par' dir='ltr' id='par_1_9' title="bbox 335 3538 1578 3876">
     <span class='ocr_line' id='line_1_26' title="bbox 337 3538 1575 3612; baseline -0.001 -18"><span class='ocrx_word' id='word_1_167' title='bbox 337 3545 436 3612; x_wconf 77' lang='grc' dir='ltr'><strong><em>φιλίας.</em></strong></span> <span class='ocrx_word' id='word_1_168' title='bbox 462 3571 496 3579; x_wconf 93' lang='grc'><strong>-</strong></span> <span class='ocrx_word' id='word_1_169' title='bbox 522 3539 575 3593; x_wconf 76' lang='lat' dir='ltr'><strong>Sia</strong></span> <span class='ocrx_word' id='word_1_170' title='bbox 592 3540 692 3608; x_wconf 68' lang='lat' dir='ltr'><strong>numm]</strong></span> <span class='ocrx_word' id='word_1_171' title='bbox 716 3540 767 3593; x_wconf 88' lang='lat' dir='ltr'><strong>Die</strong></span> <span class='ocrx_word' id='word_1_172' title='bbox 785 3539 898 3594; x_wconf 78' lang='lat' dir='ltr'><strong>Peuiode</strong></span> <span class='ocrx_word' id='word_1_173' title='bbox 921 3538 957 3592; x_wconf 83' lang='lat' dir='ltr'><strong>ist</strong></span> <span class='ocrx_word' id='word_1_174' title='bbox 974 3539 1050 3594; x_wconf 82' lang='lat' dir='ltr'><strong>nieht</strong></span> <span class='ocrx_word' id='word_1_175' title='bbox 1068 3556 1101 3593; x_wconf 89' lang='lat' dir='ltr'><strong>zu</strong></span> <span class='ocrx_word' id='word_1_176' title='bbox 1120 3539 1194 3593; x_wconf 83' lang='lat' dir='ltr'><strong>Ende</strong></span> <span class='ocrx_word' id='word_1_177' title='bbox 1212 3539 1330 3608; x_wconf 76' lang='lat' dir='ltr'><strong>gefiihrb</strong></span> <span class='ocrx_word' id='word_1_178' title='bbox 1356 3570 1390 3579; x_wconf 94' lang='lat'><em>—</em></span> <span class='ocrx_word' id='word_1_179' title='bbox 1414 3538 1575 3611; x_wconf 67' lang='lat' dir='ltr'><strong>mnam]</strong></span> 
     </span>
     <span class='ocr_line' id='line_1_27' title="bbox 335 3626 1577 3697; baseline -0.001 -15"><span class='ocrx_word' id='word_1_180' title='bbox 335 3626 488 3682; x_wconf 75' lang='lat' dir='ltr'><strong>mnemon</strong></span> <span class='ocrx_word' id='word_1_181' title='bbox 512 3628 560 3681; x_wconf 90' lang='lat' dir='ltr'><strong>des</strong></span> <span class='ocrx_word' id='word_1_182' title='bbox 578 3626 826 3682; x_wconf 84' lang='lat' dir='ltr'><strong>Palliatendiohters</strong></span> <span class='ocrx_word' id='word_1_183' title='bbox 844 3627 977 3696; x_wconf 79' lang='lat' dir='ltr'><strong>Turpilius</strong></span> <span class='ocrx_word' id='word_1_184' title='bbox 1001 3628 1086 3696; x_wconf 87' lang='lat' dir='ltr'><strong>(eines</strong></span> <span class='ocrx_word' id='word_1_185' title='bbox 1110 3628 1298 3697; x_wconf 77' lang='lat' dir='ltr'><strong>Zeilgenossen</strong></span> <span class='ocrx_word' id='word_1_186' title='bbox 1322 3628 1368 3682; x_wconf 86' lang='lat' dir='ltr'><strong>des</strong></span> <span class='ocrx_word' id='word_1_187' title='bbox 1386 3628 1515 3695; x_wconf 80' lang='lat' dir='ltr'><strong>Tarona),</strong></span> <span class='ocrx_word' id='word_1_188' title='bbox 1545 3628 1577 3681; x_wconf 91' lang='lat' dir='ltr'><strong>in</strong></span> 
     </span>
     <span class='ocr_line' id='line_1_28' title="bbox 338 3716 1578 3786; baseline 0.002 -17"><span class='ocrx_word' id='word_1_189' title='bbox 338 3716 466 3770; x_wconf 90' lang='lat' dir='ltr'><strong>welehem</strong></span> <span class='ocrx_word' id='word_1_190' title='bbox 485 3716 542 3770; x_wconf 87' lang='lat' dir='ltr'><strong>eioh</strong></span> <span class='ocrx_word' id='word_1_191' title='bbox 560 3716 722 3770; x_wconf 81' lang='lat' dir='ltr'><strong>vermutlioh</strong></span> <span class='ocrx_word' id='word_1_192' title='bbox 741 3716 785 3770; x_wconf 89' lang='lat' dir='ltr'><strong>ein</strong></span> <span class='ocrx_word' id='word_1_193' title='bbox 803 3716 935 3771; x_wconf 77' lang='lat' dir='ltr'><strong>Midohen</strong></span> <span class='ocrx_word' id='word_1_194' title='bbox 952 3749 987 3757; x_wconf 95' lang='lat'><em>-</em></span> <span class='ocrx_word' id='word_1_195' title='bbox 1006 3718 1049 3772; x_wconf 92' lang='lat' dir='ltr'><strong>die</strong></span> <span class='ocrx_word' id='word_1_196' title='bbox 1067 3716 1190 3771; x_wconf 81' lang='lat' dir='ltr'><strong>nitierten</strong></span> <span class='ocrx_word' id='word_1_197' title='bbox 1208 3717 1302 3772; x_wconf 84' lang='lat' dir='ltr'><strong>Worte</strong></span> <span class='ocrx_word' id='word_1_198' title='bbox 1321 3716 1423 3786; x_wconf 88' lang='lat' dir='ltr'>sprieht</span> <span class='ocrx_word' id='word_1_199' title='bbox 1440 3716 1506 3769; x_wconf 89' lang='lat' dir='ltr'><strong>aber</strong></span> <span class='ocrx_word' id='word_1_200' title='bbox 1528 3717 1578 3771; x_wconf 91' lang='lat' dir='ltr'><strong>ein</strong></span> 
     </span>
     <span class='ocr_line' id='line_1_29' title="bbox 336 3805 1216 3876; baseline -0.002 -15"><span class='ocrx_word' id='word_1_201' title='bbox 336 3808 373 3861; x_wconf 79' lang='lat' dir='ltr'><strong>Er</strong></span> <span class='ocrx_word' id='word_1_202' title='bbox 391 3806 459 3875; x_wconf 79' lang='lat' dir='ltr'><strong>(bio)</strong></span> <span class='ocrx_word' id='word_1_203' title='bbox 478 3838 512 3847; x_wconf 91' lang='lat'>-</span> <span class='ocrx_word' id='word_1_204' title='bbox 530 3822 593 3860; x_wconf 85' lang='lat' dir='ltr'><strong>vom</strong></span> <span class='ocrx_word' id='word_1_205' title='bbox 610 3805 799 3860; x_wconf 83' lang='lat' dir='ltr'><strong>leukadisohen</strong></span> <span class='ocrx_word' id='word_1_206' title='bbox 817 3805 915 3861; x_wconf 83' lang='lat' dir='ltr'><strong>Feisen</strong></span> <span class='ocrx_word' id='word_1_207' title='bbox 933 3808 1048 3874; x_wconf 82' lang='lat' dir='ltr'><strong>sliirzte;</strong></span> <span class='ocrx_word' id='word_1_208' title='bbox 1067 3806 1120 3875; x_wconf 84' lang='lat' dir='ltr'><strong>vgl.</strong></span> <span class='ocrx_word' id='word_1_209' title='bbox 1139 3809 1154 3876; x_wconf 59' lang='grc' dir='ltr'><strong>ᾗ</strong></span> <span class='ocrx_word' id='word_1_210' title='bbox 1173 3808 1216 3861; x_wconf 82' lang='grc'><strong>41.</strong></span> 
     </span>
    </p>

    <p class='ocr_par' dir='ltr' id='par_1_10' title="bbox 336 3893 1584 4412">
     <span class='ocr_line' id='line_1_30' title="bbox 410 3893 1580 3966; baseline -0.001 -14"><span class='ocrx_word' id='word_1_211' title='bbox 410 3910 450 3952; x_wconf 73' lang='lat' dir='ltr'><strong>aa.</strong></span> <span class='ocrx_word' id='word_1_212' title='bbox 474 3896 521 3966; x_wconf 74' lang='lat' dir='ltr'><strong>Aa]</strong></span> <span class='ocrx_word' id='word_1_213' title='bbox 540 3895 617 3949; x_wconf 81' lang='lat' dir='ltr'><strong>leilet</strong></span> <span class='ocrx_word' id='word_1_214' title='bbox 633 3895 751 3950; x_wconf 88' lang='lat' dir='ltr'><strong>ironisoh</strong></span> <span class='ocrx_word' id='word_1_215' title='bbox 769 3896 822 3950; x_wconf 89' lang='lat' dir='ltr'><strong>den</strong></span> <span class='ocrx_word' id='word_1_216' title='bbox 840 3894 902 3949; x_wconf 80' lang='lat' dir='ltr'><strong>Sata</strong></span> <span class='ocrx_word' id='word_1_217' title='bbox 921 3895 979 3964; x_wconf 74' lang='lat' dir='ltr'><strong>ein,</strong></span> <span class='ocrx_word' id='word_1_218' title='bbox 998 3895 1050 3965; x_wconf 86' lang='lat' dir='ltr'><strong>vgl.</strong></span> <span class='ocrx_word' id='word_1_219' title='bbox 1069 3896 1173 3950; x_wconf 75' lang='lat' dir='ltr'><strong>seilicet</strong></span> <span class='ocrx_word' id='word_1_220' title='bbox 1190 3896 1244 3949; x_wconf 90' lang='lat' dir='ltr'><strong>und</strong></span> <span class='ocrx_word' id='word_1_221' title='bbox 1263 3895 1368 3965; x_wconf 78' lang='lat' dir='ltr'><strong>opilwr.</strong></span> <span class='ocrx_word' id='word_1_222' title='bbox 1388 3926 1422 3934; x_wconf 92' lang='lat'><em>-</em></span> <span class='ocrx_word' id='word_1_223' title='bbox 1441 3893 1533 3949; x_wconf 78' lang='lat' dir='ltr'><strong>Probe</strong></span> <span class='ocrx_word' id='word_1_224' title='bbox 1553 3902 1580 3951; x_wconf 72' lang='lat' dir='ltr'><strong>el</strong></span> 
     </span>
     <span class='ocr_line' id='line_1_31' title="bbox 336 3984 1579 4055; baseline -0.002 -15"><span class='ocrx_word' id='word_1_225' title='bbox 336 3986 392 4055; x_wconf 72' lang='lat' dir='ltr'><strong>ella]</strong></span> <span class='ocrx_word' id='word_1_226' title='bbox 417 3986 556 4055; x_wconf 81' lang='lat' dir='ltr'><strong>„riohtig“</strong></span> <span class='ocrx_word' id='word_1_227' title='bbox 574 3987 657 4055; x_wconf 75' lang='lat' dir='ltr'><strong>(sagi,</strong></span> <span class='ocrx_word' id='word_1_228' title='bbox 683 3987 738 4054; x_wconf 72' lang='lat' dir='ltr'><strong>rit,</strong></span> <span class='ocrx_word' id='word_1_229' title='bbox 761 3984 864 4050; x_wconf 82' lang='lat' dir='ltr'><strong>urteilt)</strong></span> <span class='ocrx_word' id='word_1_230' title='bbox 890 3985 980 4053; x_wconf 90' lang='lat' dir='ltr'><strong>„auoh</strong></span> <span class='ocrx_word' id='word_1_231' title='bbox 1004 3985 1110 4054; x_wconf 75' lang='lat' dir='ltr'><strong>iener“.</strong></span> <span class='ocrx_word' id='word_1_232' title='bbox 1140 4017 1173 4024; x_wconf 99' lang='lat'>—</span> <span class='ocrx_word' id='word_1_233' title='bbox 1201 3987 1304 4055; x_wconf 77' lang='lat' dir='ltr'><strong>sanan]</strong></span> <span class='ocrx_word' id='word_1_234' title='bbox 1330 4010 1363 4029; x_wconf 91' lang='lat'><em>=</em></span> <span class='ocrx_word' id='word_1_235' title='bbox 1385 4000 1518 4038; x_wconf 73' lang='lat' dir='ltr'><strong>sannone.</strong></span> <span class='ocrx_word' id='word_1_236' title='bbox 1540 4017 1579 4027; x_wconf 90' lang='lat'><em>-</em></span> 
     </span>
     <span class='ocr_line' id='line_1_32' title="bbox 337 4072 1580 4144; baseline 0.002 -16"><span class='ocrx_word' id='word_1_237' title='bbox 337 4075 499 4144; x_wconf 68' lang='lat' dir='ltr'><strong>tragoedabe]</strong></span> <span class='ocrx_word' id='word_1_238' title='bbox 515 4074 749 4143; x_wconf 82' lang='lat' dir='ltr'><strong>„Riihrezenen“;</strong></span> <span class='ocrx_word' id='word_1_239' title='bbox 764 4073 935 4143; x_wconf 73' lang='lat' dir='ltr'><strong>„tragoediae</strong></span> <span class='ocrx_word' id='word_1_240' title='bbox 948 4090 1056 4143; x_wconf 84' lang='lat' dir='ltr'><strong>agamus</strong></span> <span class='ocrx_word' id='word_1_241' title='bbox 1070 4074 1098 4126; x_wconf 94' lang='lat' dir='ltr'><strong>in</strong></span> <span class='ocrx_word' id='word_1_242' title='bbox 1112 4073 1213 4143; x_wconf 84' lang='lat' dir='ltr'><strong>nugie“</strong></span> <span class='ocrx_word' id='word_1_243' title='bbox 1223 4074 1257 4129; x_wconf 89' lang='lat' dir='ltr'><strong>de</strong></span> <span class='ocrx_word' id='word_1_244' title='bbox 1272 4090 1309 4128; x_wconf 90' lang='lat' dir='ltr'><strong>or.</strong></span> <span class='ocrx_word' id='word_1_245' title='bbox 1324 4073 1360 4140; x_wconf 80' lang='grc' dir='ltr'><strong>Π,</strong></span> <span class='ocrx_word' id='word_1_246' title='bbox 1375 4074 1429 4129; x_wconf 77' lang='lat'><strong>205</strong></span> <span class='ocrx_word' id='word_1_247' title='bbox 1442 4072 1476 4141; x_wconf 83' lang='grc' dir='ltr'><strong>(Ι,</strong></span> <span class='ocrx_word' id='word_1_248' title='bbox 1491 4075 1580 4143; x_wconf 78' lang='lat'>228);</span> 
     </span>
     <span class='ocr_line' id='line_1_33' title="bbox 337 4163 1582 4239; baseline 0.002 -22"><span class='ocrx_word' id='word_1_249' title='bbox 337 4163 557 4232; x_wconf 71' lang='lat' dir='ltr'><strong>spriohwbmboh,</strong></span> <span class='ocrx_word' id='word_1_250' title='bbox 576 4164 628 4233; x_wconf 89' lang='lat' dir='ltr'><strong>vgl.</strong></span> <span class='ocrx_word' id='word_1_251' title='bbox 648 4164 718 4217; x_wconf 80' lang='lat' dir='ltr'><strong>Plue.</strong></span> <span class='ocrx_word' id='word_1_252' title='bbox 737 4164 827 4218; x_wconf 74' lang='lat' dir='ltr'><strong>Them.</strong></span> <span class='ocrx_word' id='word_1_253' title='bbox 848 4179 870 4217; x_wconf 86' lang='lat' dir='ltr'><strong>e.</strong></span> <span class='ocrx_word' id='word_1_254' title='bbox 890 4166 939 4218; x_wconf 77' lang='lat'><strong>24:</strong></span> <span class='ocrx_word' id='word_1_255' title='bbox 960 4165 1190 4239; x_wconf 74' lang='grc' dir='ltr'><strong><em>συντραγῳδῆσαι</em></strong></span> <span class='ocrx_word' id='word_1_256' title='bbox 1208 4166 1257 4231; x_wconf 77' lang='grc' dir='ltr'><strong>τὴν</strong></span> <span class='ocrx_word' id='word_1_257' title='bbox 1275 4168 1387 4219; x_wconf 72' lang='grc' dir='ltr'><strong><em>ἱκεσίαν.</em></strong></span> <span class='ocrx_word' id='word_1_258' title='bbox 1413 4192 1447 4201; x_wconf 90' lang='grc'>-</span> <span class='ocrx_word' id='word_1_259' title='bbox 1474 4179 1582 4233; x_wconf 82' lang='lat' dir='ltr'><strong>eoaque</strong></span> 
     </span>
     <span class='ocr_line' id='line_1_34' title="bbox 337 4250 1584 4322; baseline 0.002 -17"><span class='ocrx_word' id='word_1_260' title='bbox 337 4252 413 4322; x_wconf 78' lang='lat' dir='ltr'><strong>adeo]</strong></span> <span class='ocrx_word' id='word_1_261' title='bbox 436 4253 501 4307; x_wconf 74' lang='lat' dir='ltr'><strong>adeo</strong></span> <span class='ocrx_word' id='word_1_262' title='bbox 523 4252 591 4307; x_wconf 84' lang='lat' dir='ltr'><strong>wird</strong></span> <span class='ocrx_word' id='word_1_263' title='bbox 613 4253 682 4307; x_wconf 91' lang='lat' dir='ltr'><strong>naoh</strong></span> <span class='ocrx_word' id='word_1_264' title='bbox 706 4253 755 4306; x_wconf 86' lang='lat' dir='ltr'><strong>der</strong></span> <span class='ocrx_word' id='word_1_265' title='bbox 778 4252 882 4307; x_wconf 73' lang='lat' dir='ltr'><strong>alberea</strong></span> <span class='ocrx_word' id='word_1_266' title='bbox 899 4252 1028 4307; x_wconf 73' lang='lat' dir='ltr'><strong>Latinilat</strong></span> <span class='ocrx_word' id='word_1_267' title='bbox 1050 4253 1148 4321; x_wconf 81' lang='lat' dir='ltr'><strong>gefalsi</strong></span> <span class='ocrx_word' id='word_1_268' title='bbox 1170 4252 1207 4305; x_wconf 92' lang='lat' dir='ltr'><strong>im</strong></span> <span class='ocrx_word' id='word_1_269' title='bbox 1226 4251 1308 4306; x_wconf 85' lang='lat' dir='ltr'><strong>Sinna</strong></span> <span class='ocrx_word' id='word_1_270' title='bbox 1328 4267 1380 4305; x_wconf 83' lang='lat' dir='ltr'><strong>von</strong></span> <span class='ocrx_word' id='word_1_271' title='bbox 1399 4250 1478 4319; x_wconf 83' lang='lat' dir='ltr'><strong>„und</strong></span> <span class='ocrx_word' id='word_1_272' title='bbox 1502 4254 1584 4307; x_wconf 87' lang='lat' dir='ltr'><strong>noob</strong></span> 
     </span>
     <span class='ocr_line' id='line_1_35' title="bbox 339 4340 988 4412; baseline 0.006 -19"><span class='ocrx_word' id='word_1_273' title='bbox 339 4340 437 4393; x_wconf 78' lang='lat' dir='ltr'><strong>dazu“.</strong></span> <span class='ocrx_word' id='word_1_274' title='bbox 457 4374 491 4382; x_wconf 91' lang='lat'><em>-</em></span> <span class='ocrx_word' id='word_1_275' title='bbox 510 4347 540 4396; x_wconf 69' lang='lat' dir='ltr'><strong>aa</strong></span> <span class='ocrx_word' id='word_1_276' title='bbox 558 4341 697 4412; x_wconf 52' lang='lat' dir='ltr'><strong>domuum]</strong></span> <span class='ocrx_word' id='word_1_277' title='bbox 716 4347 748 4395; x_wconf 76' lang='lat' dir='ltr'><strong>ut</strong></span> <span class='ocrx_word' id='word_1_278' title='bbox 768 4367 800 4386; x_wconf 96' lang='lat'>=</span> <span class='ocrx_word' id='word_1_279' title='bbox 820 4346 863 4406; x_wconf 84' lang='grc' dir='ltr'><strong>ὡς,</strong></span> <span class='ocrx_word' id='word_1_280' title='bbox 882 4342 988 4396; x_wconf 64' lang='lat' dir='ltr'><strong>lausai?</strong></span> 
     </span>
    </p>
   </div>
   <div class='ocr_carea' id='block_1_10' title="bbox 338 4465 1585 4627">
    <p class='ocr_par' dir='ltr' id='par_1_11' title="bbox 338 4465 1585 4627">
     <span class='ocr_line' id='line_1_36' title="bbox 412 4465 1585 4536; baseline 0.004 -16"><span class='ocrx_word' id='word_1_281' title='bbox 412 4466 488 4534; x_wconf 76' lang='lat' dir='ltr'><strong>Kap.</strong></span> <span class='ocrx_word' id='word_1_282' title='bbox 504 4466 556 4523; x_wconf 74' lang='lat'><strong>35.</strong></span> <span class='ocrx_word' id='word_1_283' title='bbox 586 4480 627 4521; x_wconf 75' lang='lat' dir='ltr'><strong>aa.</strong></span> <span class='ocrx_word' id='word_1_284' title='bbox 645 4466 854 4535; x_wconf 67' lang='lat' dir='ltr'><strong>souadadines]</strong></span> <span class='ocrx_word' id='word_1_285' title='bbox 871 4467 1115 4536; x_wconf 80' lang='lat' dir='ltr'><strong>‚‚Aulreg1mgen“.</strong></span> <span class='ocrx_word' id='word_1_286' title='bbox 1134 4498 1168 4507; x_wconf 91' lang='lat'>-</span> <span class='ocrx_word' id='word_1_287' title='bbox 1188 4466 1241 4521; x_wconf 81' lang='lat' dir='ltr'><strong>looe&#39;</strong></span> <span class='ocrx_word' id='word_1_288' title='bbox 1255 4507 1260 4520; x_wconf 94' lang='lat'>.</span> <span class='ocrx_word' id='word_1_289' title='bbox 1272 4507 1278 4519; x_wconf 89' lang='lat'><strong>.</strong></span> <span class='ocrx_word' id='word_1_290' title='bbox 1290 4507 1296 4519; x_wconf 91' lang='lat'><strong>.</strong></span> <span class='ocrx_word' id='word_1_291' title='bbox 1310 4465 1473 4536; x_wconf 57' lang='lat' dir='ltr'><strong>anuinium]</strong></span> <span class='ocrx_word' id='word_1_292' title='bbox 1484 4466 1585 4525; x_wconf 83' lang='lat' dir='ltr'><strong>Horaz</strong></span> 
     </span>
     <span class='ocr_line' id='line_1_37' title="bbox 338 4553 1565 4627; baseline 0.005 -20"><span class='ocrx_word' id='word_1_293' title='bbox 338 4553 432 4608; x_wconf 77' lang='lat' dir='ltr'><strong>urteilt</strong></span> <span class='ocrx_word' id='word_1_294' title='bbox 450 4570 490 4623; x_wconf 90' lang='lat' dir='ltr'><strong>ep.</strong></span> <span class='ocrx_word' id='word_1_295' title='bbox 505 4555 528 4622; x_wconf 91' lang='lat' dir='ltr'><strong>I,</strong></span> <span class='ocrx_word' id='word_1_296' title='bbox 543 4557 586 4623; x_wconf 89' lang='grc'><strong>11,</strong></span> <span class='ocrx_word' id='word_1_297' title='bbox 600 4557 649 4612; x_wconf 78' lang='lat'><strong>27:</strong></span> <span class='ocrx_word' id='word_1_298' title='bbox 669 4597 684 4625; x_wconf 86' lang='lat'>„</span> <span class='ocrx_word' id='word_1_299' title='bbox 691 4556 809 4624; x_wconf 81' lang='lat' dir='ltr'><strong>Caelum,</strong></span> <span class='ocrx_word' id='word_1_300' title='bbox 828 4572 883 4610; x_wconf 91' lang='lat' dir='ltr'><strong>non</strong></span> <span class='ocrx_word' id='word_1_301' title='bbox 895 4555 1015 4609; x_wconf 90' lang='lat' dir='ltr'><strong>animum</strong></span> <span class='ocrx_word' id='word_1_302' title='bbox 1028 4558 1140 4624; x_wconf 70' lang='lat' dir='ltr'><strong>mutant,</strong></span> <span class='ocrx_word' id='word_1_303' title='bbox 1160 4556 1206 4627; x_wconf 90' lang='lat' dir='ltr'><strong>qui</strong></span> <span class='ocrx_word' id='word_1_304' title='bbox 1224 4558 1298 4610; x_wconf 84' lang='lat' dir='ltr'><strong>trane</strong></span> <span class='ocrx_word' id='word_1_305' title='bbox 1316 4570 1390 4609; x_wconf 90' lang='lat' dir='ltr'><strong>mare</strong></span> <span class='ocrx_word' id='word_1_306' title='bbox 1408 4559 1532 4613; x_wconf 81' lang='lat' dir='ltr'><strong>currunt</strong></span> <span class='ocrx_word' id='word_1_307' title='bbox 1537 4561 1565 4613; x_wconf 83' lang='grc'><strong>“.</strong></span> 
     </span>
    </p>
   </div>
   <div class='ocr_carea' id='block_1_11' title="bbox 0 0 1850 5225">
    <p class='ocr_par' dir='ltr' id='par_1_12' title="bbox 0 0 1850 5225">
     <span class='ocr_line' id='line_1_38' title="bbox 0 0 1850 5225; baseline 0 0"><span class='ocrx_word' id='word_1_308' title='bbox 0 0 1850 5225; x_wconf 95' lang='lat' dir='ltr'><strong> </strong></span> 
     </span>
    </p>
   </div>
  </div>
 </body>
</html>
