<?xml version="1.0" encoding="UTF-8"?>
<!DOCTYPE html PUBLIC "-//W3C//DTD XHTML 1.0 Transitional//EN"
    "http://www.w3.org/TR/xhtml1/DTD/xhtml1-transitional.dtd">
<html xmlns="http://www.w3.org/1999/xhtml" xml:lang="en" lang="en">
 <head>
  <title>
</title>
<meta http-equiv="Content-Type" content="text/html;charset=utf-8" />
  <meta name='ocr-system' content='tesseract 3.04.00' />
  <meta name='ocr-capabilities' content='ocr_page ocr_carea ocr_par ocr_line ocrx_word'/>
</head>
<body>
  <div class='ocr_page' id='page_1' title='image "./mtulliiciceroni71cicegoog/mtulliiciceroni71cicegoog_0034.png"; bbox 0 0 3642 5225; ppageno 0'>
   <div class='ocr_carea' id='block_1_1' title="bbox 306 408 1574 610">
    <p class='ocr_par' dir='ltr' id='par_1_1' title="bbox 306 408 1574 610">
     <span class='ocr_line' id='line_1_1' title="bbox 1546 408 1574 483; baseline 0 0"><span class='ocrx_word' id='word_1_1' title='bbox 1546 408 1574 483; x_wconf 63' lang='grc' dir='ltr'>ί</span> 
     </span>
     <span class='ocr_line' id='line_1_2' title="bbox 306 538 1141 610; baseline -0.01 -9"><span class='ocrx_word' id='word_1_2' title='bbox 306 538 345 601; x_wconf 62' lang='lat' dir='ltr'><strong>ffi</strong></span> <span class='ocrx_word' id='word_1_3' title='bbox 707 541 916 600; x_wconf 68' lang='lat' dir='ltr'><strong>Tusculanarum</strong></span> <span class='ocrx_word' id='word_1_4' title='bbox 933 540 1141 610; x_wconf 69' lang='lat' dir='ltr'><strong>disputationum</strong></span> 
     </span>
    </p>
   </div>
   <div class='ocr_carea' id='block_1_2' title="bbox 267 704 1543 2177">
    <p class='ocr_par' dir='ltr' id='par_1_2' title="bbox 267 704 1543 2177">
     <span class='ocr_line' id='line_1_3' title="bbox 307 704 1542 788; baseline 0.001 -20"><span class='ocrx_word' id='word_1_5' title='bbox 307 704 342 768; x_wconf 94' lang='lat' dir='ltr'><strong>in</strong></span> <span class='ocrx_word' id='word_1_6' title='bbox 365 704 471 786; x_wconf 90' lang='lat' dir='ltr'><strong>aliquo</strong></span> <span class='ocrx_word' id='word_1_7' title='bbox 494 705 603 769; x_wconf 89' lang='lat' dir='ltr'><strong>morbo</strong></span> <span class='ocrx_word' id='word_1_8' title='bbox 627 705 795 788; x_wconf 82' lang='lat' dir='ltr'>(morbos</span> <span class='ocrx_word' id='word_1_9' title='bbox 819 706 928 769; x_wconf 89' lang='lat' dir='ltr'><strong>autem</strong></span> <span class='ocrx_word' id='word_1_10' title='bbox 950 705 1009 769; x_wconf 93' lang='lat' dir='ltr'><strong>hos</strong></span> <span class='ocrx_word' id='word_1_11' title='bbox 1025 704 1228 788; x_wconf 88' lang='lat' dir='ltr'><strong>perturbatos</strong></span> <span class='ocrx_word' id='word_1_12' title='bbox 1252 705 1369 781; x_wconf 90' lang='lat' dir='ltr'><strong>motus,</strong></span> <span class='ocrx_word' id='word_1_13' title='bbox 1392 705 1431 768; x_wconf 92' lang='lat' dir='ltr'><strong>ut</strong></span> <span class='ocrx_word' id='word_1_14' title='bbox 1445 704 1542 769; x_wconf 89' lang='lat' dir='ltr'><strong>modo</strong></span> 
     </span>
     <span class='ocr_line' id='line_1_4' title="bbox 309 809 1540 895; baseline 0 -20"><span class='ocrx_word' id='word_1_15' title='bbox 309 810 391 888; x_wconf 87' lang='lat' dir='ltr'>dixi,</span> <span class='ocrx_word' id='word_1_16' title='bbox 413 811 592 895; x_wconf 86' lang='lat' dir='ltr'><strong>philosophi</strong></span> <span class='ocrx_word' id='word_1_17' title='bbox 615 811 807 895; x_wconf 89' lang='lat' dir='ltr'><strong>appellant),</strong></span> <span class='ocrx_word' id='word_1_18' title='bbox 829 829 893 875; x_wconf 91' lang='lat' dir='ltr'><strong>non</strong></span> <span class='ocrx_word' id='word_1_19' title='bbox 916 810 1019 893; x_wconf 82' lang='lat' dir='ltr'><strong>magis</strong></span> <span class='ocrx_word' id='word_1_20' title='bbox 1043 812 1094 876; x_wconf 92' lang='lat' dir='ltr'><strong>est</strong></span> <span class='ocrx_word' id='word_1_21' title='bbox 1117 829 1215 876; x_wconf 91' lang='lat' dir='ltr'><strong>sanus</strong></span> <span class='ocrx_word' id='word_1_22' title='bbox 1239 829 1337 892; x_wconf 92' lang='lat' dir='ltr'><strong>quam</strong></span> <span class='ocrx_word' id='word_1_23' title='bbox 1358 810 1392 874; x_wconf 94' lang='lat' dir='ltr'><strong>id</strong></span> <span class='ocrx_word' id='word_1_24' title='bbox 1414 809 1540 894; x_wconf 54' lang='lat' dir='ltr'><strong>corpori</strong></span> 
     </span>
     <span class='ocr_line' id='line_1_5' title="bbox 309 917 1540 1001; baseline 0.002 -19"><span class='ocrx_word' id='word_1_25' title='bbox 309 917 394 1000; x_wconf 89' lang='lat' dir='ltr'><strong>quod</strong></span> <span class='ocrx_word' id='word_1_26' title='bbox 420 918 454 982; x_wconf 95' lang='lat' dir='ltr'><strong>in</strong></span> <span class='ocrx_word' id='word_1_27' title='bbox 481 919 592 984; x_wconf 89' lang='lat' dir='ltr'><strong>morbo</strong></span> <span class='ocrx_word' id='word_1_28' title='bbox 619 921 677 984; x_wconf 86' lang='lat' dir='ltr'><strong>est</strong></span> <span class='ocrx_word' id='word_1_29' title='bbox 721 918 774 984; x_wconf 90' lang='lat' dir='ltr'><strong>Ita</strong></span> <span class='ocrx_word' id='word_1_30' title='bbox 795 919 848 997; x_wconf 88' lang='lat' dir='ltr'><strong>fit,</strong></span> <span class='ocrx_word' id='word_1_31' title='bbox 876 919 915 982; x_wconf 92' lang='lat' dir='ltr'><strong>ut</strong></span> <span class='ocrx_word' id='word_1_32' title='bbox 943 918 1100 1001; x_wconf 78' lang='lat' dir='ltr'><strong>sapientia</strong></span> <span class='ocrx_word' id='word_1_33' title='bbox 1127 918 1249 982; x_wconf 79' lang='lat' dir='ltr'><strong>sanitas</strong></span> <span class='ocrx_word' id='word_1_34' title='bbox 1281 918 1324 982; x_wconf 92' lang='lat' dir='ltr'><strong>sit</strong></span> <span class='ocrx_word' id='word_1_35' title='bbox 1347 917 1461 994; x_wconf 87' lang='lat' dir='ltr'><strong>animi,</strong></span> <span class='ocrx_word' id='word_1_36' title='bbox 1490 918 1540 984; x_wconf 89' lang='lat' dir='ltr'><strong>in-</strong></span> 
     </span>
     <span class='ocr_line' id='line_1_6' title="bbox 309 1023 1541 1108; baseline -0.001 -19"><span class='ocrx_word' id='word_1_37' title='bbox 309 1024 457 1108; x_wconf 90' lang='lat' dir='ltr'><strong>sipientia</strong></span> <span class='ocrx_word' id='word_1_38' title='bbox 480 1027 589 1090; x_wconf 89' lang='lat' dir='ltr'><strong>autem</strong></span> <span class='ocrx_word' id='word_1_39' title='bbox 605 1025 698 1107; x_wconf 91' lang='lat' dir='ltr'><strong>quasi</strong></span> <span class='ocrx_word' id='word_1_40' title='bbox 720 1025 877 1090; x_wconf 78' lang='lat' dir='ltr'><strong>insanitas</strong></span> <span class='ocrx_word' id='word_1_41' title='bbox 897 1023 1064 1107; x_wconf 91' lang='lat' dir='ltr'><strong>quaedam,</strong></span> <span class='ocrx_word' id='word_1_42' title='bbox 1088 1041 1169 1106; x_wconf 91' lang='lat' dir='ltr'><strong>quae</strong></span> <span class='ocrx_word' id='word_1_43' title='bbox 1193 1026 1243 1089; x_wconf 92' lang='lat' dir='ltr'><strong>est</strong></span> <span class='ocrx_word' id='word_1_44' title='bbox 1265 1023 1390 1088; x_wconf 91' lang='lat' dir='ltr'><strong>insania</strong></span> <span class='ocrx_word' id='word_1_45' title='bbox 1413 1023 1541 1089; x_wconf 91' lang='lat' dir='ltr'><strong>eadem-</strong></span> 
     </span>
     <span class='ocr_line' id='line_1_7' title="bbox 309 1130 1541 1214; baseline 0 -20"><span class='ocrx_word' id='word_1_46' title='bbox 309 1148 372 1212; x_wconf 92' lang='lat' dir='ltr'><strong>que</strong></span> <span class='ocrx_word' id='word_1_47' title='bbox 394 1130 573 1207; x_wconf 80' lang='lat' dir='ltr'><strong>dementia3</strong></span> <span class='ocrx_word' id='word_1_48' title='bbox 602 1132 767 1214; x_wconf 89' lang='lat' dir='ltr'><strong>multoque</strong></span> <span class='ocrx_word' id='word_1_49' title='bbox 794 1131 910 1196; x_wconf 91' lang='lat' dir='ltr'><strong>melius</strong></span> <span class='ocrx_word' id='word_1_50' title='bbox 938 1131 1018 1196; x_wconf 91' lang='lat' dir='ltr'><strong>haec</strong></span> <span class='ocrx_word' id='word_1_51' title='bbox 1044 1132 1158 1196; x_wconf 92' lang='lat' dir='ltr'><strong>notata</strong></span> <span class='ocrx_word' id='word_1_52' title='bbox 1185 1133 1261 1195; x_wconf 93' lang='lat' dir='ltr'><strong>sunt</strong></span> <span class='ocrx_word' id='word_1_53' title='bbox 1288 1130 1392 1196; x_wconf 87' lang='lat' dir='ltr'><strong>verbis</strong></span> <span class='ocrx_word' id='word_1_54' title='bbox 1415 1130 1541 1195; x_wconf 88' lang='lat' dir='ltr'><strong>Latinis</strong></span> 
     </span>
     <span class='ocr_line' id='line_1_8' title="bbox 310 1236 1542 1321; baseline -0.002 -19"><span class='ocrx_word' id='word_1_55' title='bbox 310 1255 408 1319; x_wconf 91' lang='lat' dir='ltr'><strong>quam</strong></span> <span class='ocrx_word' id='word_1_56' title='bbox 431 1237 576 1317; x_wconf 84' lang='lat' dir='ltr'><strong>Graecis,</strong></span> <span class='ocrx_word' id='word_1_57' title='bbox 600 1237 685 1321; x_wconf 93' lang='lat' dir='ltr'><strong>quod</strong></span> <span class='ocrx_word' id='word_1_58' title='bbox 709 1239 780 1304; x_wconf 88' lang='lat' dir='ltr'><strong>aliis</strong></span> <span class='ocrx_word' id='word_1_59' title='bbox 803 1256 930 1321; x_wconf 89' lang='lat' dir='ltr'><strong>quoque</strong></span> <span class='ocrx_word' id='word_1_60' title='bbox 953 1238 1065 1302; x_wconf 91' lang='lat' dir='ltr'><strong>multis</strong></span> <span class='ocrx_word' id='word_1_61' title='bbox 1088 1238 1166 1303; x_wconf 91' lang='lat' dir='ltr'><strong>locis</strong></span> <span class='ocrx_word' id='word_1_62' title='bbox 1189 1238 1375 1321; x_wconf 88' lang='lat' dir='ltr'><strong>reperietur.</strong></span> <span class='ocrx_word' id='word_1_63' title='bbox 1422 1236 1484 1302; x_wconf 84' lang='lat' dir='ltr'><strong>sed</strong></span> <span class='ocrx_word' id='word_1_64' title='bbox 1507 1237 1542 1301; x_wconf 94' lang='lat' dir='ltr'><strong>id</strong></span> 
     </span>
     <span class='ocr_line' id='line_1_9' title="bbox 267 1342 1542 1427; baseline 0.001 -20"><span class='ocrx_word' id='word_1_65' title='bbox 267 1343 399 1422; x_wconf 79' lang='lat' dir='ltr'><strong>malias,</strong></span> <span class='ocrx_word' id='word_1_66' title='bbox 421 1362 516 1423; x_wconf 89' lang='lat' dir='ltr'><strong>nuno,</strong></span> <span class='ocrx_word' id='word_1_67' title='bbox 539 1343 625 1427; x_wconf 89' lang='lat' dir='ltr'><strong>quod</strong></span> <span class='ocrx_word' id='word_1_68' title='bbox 647 1345 756 1410; x_wconf 90' lang='lat' dir='ltr'><strong>instat.</strong></span> <span class='ocrx_word' id='word_1_69' title='bbox 801 1345 919 1410; x_wconf 79' lang='lat' dir='ltr'><strong>Totum</strong></span> <span class='ocrx_word' id='word_1_70' title='bbox 941 1345 1042 1427; x_wconf 81' lang='lat' dir='ltr'><strong>igitur</strong></span> <span class='ocrx_word' id='word_1_71' title='bbox 1063 1343 1110 1422; x_wconf 94' lang='lat' dir='ltr'><strong>id,</strong></span> <span class='ocrx_word' id='word_1_72' title='bbox 1133 1342 1218 1426; x_wconf 93' lang='lat' dir='ltr'><strong>quod</strong></span> <span class='ocrx_word' id='word_1_73' title='bbox 1242 1344 1439 1426; x_wconf 81' lang='lat' dir='ltr'><strong>quaerimus,</strong></span> <span class='ocrx_word' id='word_1_74' title='bbox 1463 1343 1542 1426; x_wconf 90' lang='lat' dir='ltr'><strong>quid</strong></span> 
     </span>
     <span class='ocr_line' id='line_1_10' title="bbox 310 1451 1541 1536; baseline -0.001 -20"><span class='ocrx_word' id='word_1_75' title='bbox 310 1453 343 1516; x_wconf 92' lang='lat' dir='ltr'><strong>et</strong></span> <span class='ocrx_word' id='word_1_76' title='bbox 366 1453 460 1534; x_wconf 90' lang='lat' dir='ltr'><strong>quale</strong></span> <span class='ocrx_word' id='word_1_77' title='bbox 490 1453 547 1530; x_wconf 92' lang='lat' dir='ltr'><strong>sit,</strong></span> <span class='ocrx_word' id='word_1_78' title='bbox 578 1452 666 1518; x_wconf 87' lang='lat' dir='ltr'><strong>verbi</strong></span> <span class='ocrx_word' id='word_1_79' title='bbox 692 1453 740 1517; x_wconf 83' lang='lat' dir='ltr'><strong>vis</strong></span> <span class='ocrx_word' id='word_1_80' title='bbox 767 1453 838 1536; x_wconf 91' lang='lat' dir='ltr'><strong>ipsa</strong></span> <span class='ocrx_word' id='word_1_81' title='bbox 866 1452 1017 1517; x_wconf 90' lang='lat' dir='ltr'><strong>declarat</strong></span> <span class='ocrx_word' id='word_1_82' title='bbox 1062 1451 1125 1516; x_wconf 79' lang='lat' dir='ltr'><strong>llos</strong></span> <span class='ocrx_word' id='word_1_83' title='bbox 1154 1452 1239 1516; x_wconf 88' lang='lat' dir='ltr'><strong>enim</strong></span> <span class='ocrx_word' id='word_1_84' title='bbox 1267 1469 1360 1516; x_wconf 91' lang='lat' dir='ltr'><strong>sanos</strong></span> <span class='ocrx_word' id='word_1_85' title='bbox 1389 1452 1541 1533; x_wconf 91' lang='lat' dir='ltr'><strong>quoniam</strong></span> 
     </span>
     <span class='ocr_line' id='line_1_11' title="bbox 309 1559 1543 1642; baseline -0.001 -19"><span class='ocrx_word' id='word_1_86' title='bbox 309 1559 452 1642; x_wconf 82' lang='lat' dir='ltr'><strong>intellegi</strong></span> <span class='ocrx_word' id='word_1_87' title='bbox 474 1577 605 1625; x_wconf 88' lang='lat' dir='ltr'><strong>necesse</strong></span> <span class='ocrx_word' id='word_1_88' title='bbox 628 1561 692 1638; x_wconf 89' lang='lat' dir='ltr'><strong>est,</strong></span> <span class='ocrx_word' id='word_1_89' title='bbox 716 1578 852 1642; x_wconf 90' lang='lat' dir='ltr'><strong>quorum</strong></span> <span class='ocrx_word' id='word_1_90' title='bbox 875 1577 967 1624; x_wconf 91' lang='lat' dir='ltr'><strong>mens</strong></span> <span class='ocrx_word' id='word_1_91' title='bbox 989 1560 1082 1623; x_wconf 91' lang='lat' dir='ltr'><strong>motu</strong></span> <span class='ocrx_word' id='word_1_92' title='bbox 1105 1559 1198 1641; x_wconf 91' lang='lat' dir='ltr'><strong>quasi</strong></span> <span class='ocrx_word' id='word_1_93' title='bbox 1220 1559 1330 1623; x_wconf 90' lang='lat' dir='ltr'><strong>morbo</strong></span> <span class='ocrx_word' id='word_1_94' title='bbox 1353 1559 1543 1642; x_wconf 88' lang='lat' dir='ltr'><strong>perturbata</strong></span> 
     </span>
     <span class='ocr_line' id='line_1_12' title="bbox 308 1665 1543 1749; baseline -0.001 -20"><span class='ocrx_word' id='word_1_95' title='bbox 308 1666 398 1731; x_wconf 93' lang='lat' dir='ltr'><strong>nullo</strong></span> <span class='ocrx_word' id='word_1_96' title='bbox 426 1667 484 1744; x_wconf 91' lang='lat' dir='ltr'><strong>sit,</strong></span> <span class='ocrx_word' id='word_1_97' title='bbox 514 1667 569 1749; x_wconf 93' lang='lat' dir='ltr'><strong>qui</strong></span> <span class='ocrx_word' id='word_1_98' title='bbox 597 1669 708 1732; x_wconf 89' lang='lat' dir='ltr'><strong>contra</strong></span> <span class='ocrx_word' id='word_1_99' title='bbox 736 1666 852 1732; x_wconf 86' lang='lat' dir='ltr'><strong>adfecti</strong></span> <span class='ocrx_word' id='word_1_100' title='bbox 879 1666 961 1744; x_wconf 92' lang='lat' dir='ltr'><strong>sint,</strong></span> <span class='ocrx_word' id='word_1_101' title='bbox 990 1666 1049 1731; x_wconf 91' lang='lat' dir='ltr'><strong>hos</strong></span> <span class='ocrx_word' id='word_1_102' title='bbox 1076 1666 1205 1730; x_wconf 92' lang='lat' dir='ltr'><strong>insanos</strong></span> <span class='ocrx_word' id='word_1_103' title='bbox 1236 1665 1390 1749; x_wconf 91' lang='lat' dir='ltr'><strong>appellari</strong></span> <span class='ocrx_word' id='word_1_104' title='bbox 1411 1683 1543 1730; x_wconf 90' lang='lat' dir='ltr'><strong>necesse</strong></span> 
     </span>
     <span class='ocr_line' id='line_1_13' title="bbox 310 1771 1541 1856; baseline -0.002 -19"><span class='ocrx_word' id='word_1_105' title='bbox 310 1774 367 1837; x_wconf 85' lang='lat' dir='ltr'><strong>cst</strong></span> <span class='ocrx_word' id='word_1_106' title='bbox 411 1771 527 1855; x_wconf 91' lang='lat' dir='ltr'><strong>Itaque</strong></span> <span class='ocrx_word' id='word_1_107' title='bbox 556 1773 637 1837; x_wconf 91' lang='lat' dir='ltr'><strong>nihil</strong></span> <span class='ocrx_word' id='word_1_108' title='bbox 665 1773 797 1851; x_wconf 91' lang='lat' dir='ltr'><strong>melius,</strong></span> <span class='ocrx_word' id='word_1_109' title='bbox 828 1791 926 1856; x_wconf 90' lang='lat' dir='ltr'><strong>quam</strong></span> <span class='ocrx_word' id='word_1_110' title='bbox 957 1771 1041 1856; x_wconf 89' lang='lat' dir='ltr'><strong>quod</strong></span> <span class='ocrx_word' id='word_1_111' title='bbox 1070 1774 1121 1838; x_wconf 92' lang='lat' dir='ltr'><strong>est</strong></span> <span class='ocrx_word' id='word_1_112' title='bbox 1148 1773 1183 1837; x_wconf 93' lang='lat' dir='ltr'><strong>in</strong></span> <span class='ocrx_word' id='word_1_113' title='bbox 1213 1771 1443 1838; x_wconf 91' lang='lat' dir='ltr'><strong>consuetudine</strong></span> <span class='ocrx_word' id='word_1_114' title='bbox 1474 1790 1541 1836; x_wconf 91' lang='lat' dir='ltr'><strong>ser·</strong></span> 
     </span>
     <span class='ocr_line' id='line_1_14' title="bbox 308 1877 1542 1964; baseline 0 -20"><span class='ocrx_word' id='word_1_115' title='bbox 308 1880 412 1944; x_wconf 91' lang='lat' dir='ltr'><strong>monis</strong></span> <span class='ocrx_word' id='word_1_116' title='bbox 426 1879 543 1957; x_wconf 88' lang='lat' dir='ltr'><strong>Latini,</strong></span> <span class='ocrx_word' id='word_1_117' title='bbox 566 1899 641 1946; x_wconf 89' lang='lat' dir='ltr'><strong>oum</strong></span> <span class='ocrx_word' id='word_1_118' title='bbox 664 1881 798 1945; x_wconf 85' lang='lat' dir='ltr'><strong>exisse</strong></span> <span class='ocrx_word' id='word_1_119' title='bbox 821 1899 867 1945; x_wconf 87' lang='lat' dir='ltr'><strong>ex</strong></span> <span class='ocrx_word' id='word_1_120' title='bbox 889 1881 1101 1964; x_wconf 79' lang='lat' dir='ltr'><strong>potestate</strong></span> <span class='ocrx_word' id='word_1_121' title='bbox 1124 1879 1259 1945; x_wconf 80' lang='lat' dir='ltr'><strong>dicimus</strong></span> <span class='ocrx_word' id='word_1_122' title='bbox 1283 1897 1346 1957; x_wconf 93' lang='lat' dir='ltr'><strong>eos,</strong></span> <span class='ocrx_word' id='word_1_123' title='bbox 1370 1879 1426 1961; x_wconf 92' lang='lat' dir='ltr'><strong>qui</strong></span> <span class='ocrx_word' id='word_1_124' title='bbox 1449 1877 1542 1944; x_wconf 87' lang='lat' dir='ltr'><strong>effre·</strong></span> 
     </span>
     <span class='ocr_line' id='line_1_15' title="bbox 308 1984 1540 2069; baseline -0.002 -19"><span class='ocrx_word' id='word_1_125' title='bbox 308 1986 378 2050; x_wconf 92' lang='lat' dir='ltr'><strong>nati</strong></span> <span class='ocrx_word' id='word_1_126' title='bbox 392 1985 540 2052; x_wconf 85' lang='lat' dir='ltr'><strong>feruntur</strong></span> <span class='ocrx_word' id='word_1_127' title='bbox 563 1988 622 2051; x_wconf 92' lang='lat' dir='ltr'><strong>aut</strong></span> <span class='ocrx_word' id='word_1_128' title='bbox 635 1986 765 2052; x_wconf 89' lang='lat' dir='ltr'><strong>libidine</strong></span> <span class='ocrx_word' id='word_1_129' title='bbox 789 1988 847 2052; x_wconf 92' lang='lat' dir='ltr'><strong>aut</strong></span> <span class='ocrx_word' id='word_1_130' title='bbox 861 1986 1045 2063; x_wconf 89' lang='lat' dir='ltr'><strong>iracundia;</strong></span> <span class='ocrx_word' id='word_1_131' title='bbox 1069 2005 1267 2069; x_wconf 90' lang='lat' dir='ltr'><strong>quamquam</strong></span> <span class='ocrx_word' id='word_1_132' title='bbox 1282 1986 1352 2069; x_wconf 91' lang='lat' dir='ltr'><strong>ipsa</strong></span> <span class='ocrx_word' id='word_1_133' title='bbox 1374 1984 1540 2050; x_wconf 87' lang='lat' dir='ltr'><strong>iracundia</strong></span> 
     </span>
     <span class='ocr_line' id='line_1_16' title="bbox 308 2091 1541 2177; baseline -0.001 -21"><span class='ocrx_word' id='word_1_134' title='bbox 308 2093 448 2158; x_wconf 92' lang='lat' dir='ltr'><strong>libidinis</strong></span> <span class='ocrx_word' id='word_1_135' title='bbox 477 2095 528 2159; x_wconf 91' lang='lat' dir='ltr'><strong>est</strong></span> <span class='ocrx_word' id='word_1_136' title='bbox 548 2112 641 2177; x_wconf 88' lang='lat' dir='ltr'><strong>pars;</strong></span> <span class='ocrx_word' id='word_1_137' title='bbox 672 2094 718 2160; x_wconf 89' lang='lat' dir='ltr'><strong>sio</strong></span> <span class='ocrx_word' id='word_1_138' title='bbox 741 2094 826 2158; x_wconf 87' lang='lat' dir='ltr'><strong>enim</strong></span> <span class='ocrx_word' id='word_1_139' title='bbox 849 2093 1001 2159; x_wconf 88' lang='lat' dir='ltr'><strong>definitur</strong></span> <span class='ocrx_word' id='word_1_140' title='bbox 1027 2092 1208 2158; x_wconf 90' lang='lat' dir='ltr'><strong>iracundia:</strong></span> <span class='ocrx_word' id='word_1_141' title='bbox 1239 2092 1412 2158; x_wconf 86' lang='lat' dir='ltr'><strong>ulciscendi</strong></span> <span class='ocrx_word' id='word_1_142' title='bbox 1434 2091 1541 2157; x_wconf 89' lang='lat' dir='ltr'><strong>libido.</strong></span> 
     </span>
    </p>
   </div>
   <div class='ocr_carea' id='block_1_3' title="bbox 305 2338 1543 4644">
    <p class='ocr_par' dir='ltr' id='par_1_3' title="bbox 308 2338 1543 3747">
     <span class='ocr_line' id='line_1_17' title="bbox 309 2338 1542 2408; baseline -0.001 -14"><span class='ocrx_word' id='word_1_143' title='bbox 309 2355 413 2394; x_wconf 90' lang='lat' dir='ltr'><strong>summo</strong></span> <span class='ocrx_word' id='word_1_144' title='bbox 430 2338 538 2408; x_wconf 83' lang='lat' dir='ltr'><strong>ingenie</strong></span> <span class='ocrx_word' id='word_1_145' title='bbox 555 2339 612 2408; x_wconf 81' lang='lat' dir='ltr'><strong>vir,</strong></span> <span class='ocrx_word' id='word_1_146' title='bbox 631 2340 718 2407; x_wconf 86' lang='lat' dir='ltr'><strong>Zeno,</strong></span> <span class='ocrx_word' id='word_1_147' title='bbox 737 2339 814 2393; x_wconf 91' lang='lat' dir='ltr'><strong>cuius</strong></span> <span class='ocrx_word' id='word_1_148' title='bbox 831 2339 1002 2394; x_wconf 83' lang='lat' dir='ltr'><strong>inventomm</strong></span> <span class='ocrx_word' id='word_1_149' title='bbox 1021 2339 1119 2395; x_wconf 87' lang='lat' dir='ltr'><strong>aemuli</strong></span> <span class='ocrx_word' id='word_1_150' title='bbox 1138 2339 1220 2395; x_wconf 83' lang='lat' dir='ltr'><strong>Stoici</strong></span> <span class='ocrx_word' id='word_1_151' title='bbox 1238 2340 1416 2394; x_wconf 90' lang='lat' dir='ltr'><strong>nominantur.</strong></span> <span class='ocrx_word' id='word_1_152' title='bbox 1453 2338 1542 2393; x_wconf 88' lang='lat' dir='ltr'><strong>Huius</strong></span> 
     </span>
     <span class='ocr_line' id='line_1_18' title="bbox 308 2428 1542 2500; baseline -0.002 -17"><span class='ocrx_word' id='word_1_153' title='bbox 308 2428 457 2484; x_wconf 87' lang='lat' dir='ltr'><strong>sententiae</strong></span> <span class='ocrx_word' id='word_1_154' title='bbox 475 2430 539 2482; x_wconf 87' lang='lat' dir='ltr'><strong>sunt</strong></span> <span class='ocrx_word' id='word_1_155' title='bbox 556 2431 584 2484; x_wconf 89' lang='lat' dir='ltr'><strong>et</strong></span> <span class='ocrx_word' id='word_1_156' title='bbox 600 2432 743 2498; x_wconf 89' lang='lat' dir='ltr'><strong>praecepta</strong></span> <span class='ocrx_word' id='word_1_157' title='bbox 759 2428 924 2484; x_wconf 89' lang='lat' dir='ltr'><strong>huiusmodi:</strong></span> <span class='ocrx_word' id='word_1_158' title='bbox 944 2429 1091 2499; x_wconf 84' lang='lat' dir='ltr'><strong>sapientem</strong></span> <span class='ocrx_word' id='word_1_159' title='bbox 1108 2429 1193 2499; x_wconf 78' lang='lat' dir='ltr'><strong>gratia</strong></span> <span class='ocrx_word' id='word_1_160' title='bbox 1209 2428 1375 2500; x_wconf 67' lang='lat' dir='ltr'><strong>(Rioksicht)</strong></span> <span class='ocrx_word' id='word_1_161' title='bbox 1393 2443 1542 2496; x_wconf 88' lang='lat' dir='ltr'><strong>numquam</strong></span> 
     </span>
     <span class='ocr_line' id='line_1_19' title="bbox 308 2517 1542 2589; baseline 0 -18"><span class='ocrx_word' id='word_1_162' title='bbox 308 2517 425 2586; x_wconf 82' lang='lat' dir='ltr'><strong>moveri,</strong></span> <span class='ocrx_word' id='word_1_163' title='bbox 450 2533 596 2589; x_wconf 86' lang='lat' dir='ltr'><strong>numquam</strong></span> <span class='ocrx_word' id='word_1_164' title='bbox 618 2518 775 2588; x_wconf 89' lang='lat' dir='ltr'><strong>cuiusquam</strong></span> <span class='ocrx_word' id='word_1_165' title='bbox 797 2517 896 2573; x_wconf 89' lang='lat' dir='ltr'><strong>delicto</strong></span> <span class='ocrx_word' id='word_1_166' title='bbox 918 2517 1071 2588; x_wconf 78' lang='lat' dir='ltr'><strong>ignoscere3</strong></span> <span class='ocrx_word' id='word_1_167' title='bbox 1096 2519 1231 2573; x_wconf 86' lang='lat' dir='ltr'><strong>neminem</strong></span> <span class='ocrx_word' id='word_1_168' title='bbox 1255 2517 1455 2571; x_wconf 83' lang='lat' dir='ltr'><strong>misericordem</strong></span> <span class='ocrx_word' id='word_1_169' title='bbox 1480 2531 1542 2571; x_wconf 89' lang='lat' dir='ltr'><strong>esse</strong></span> 
     </span>
     <span class='ocr_line' id='line_1_20' title="bbox 308 2605 1541 2680; baseline -0.002 -18"><span class='ocrx_word' id='word_1_170' title='bbox 308 2606 361 2662; x_wconf 92' lang='lat' dir='ltr'><strong>nisi</strong></span> <span class='ocrx_word' id='word_1_171' title='bbox 384 2607 496 2662; x_wconf 89' lang='lat' dir='ltr'><strong>stultum</strong></span> <span class='ocrx_word' id='word_1_172' title='bbox 519 2610 547 2662; x_wconf 91' lang='lat' dir='ltr'><strong>et</strong></span> <span class='ocrx_word' id='word_1_173' title='bbox 563 2606 666 2676; x_wconf 80' lang='lat' dir='ltr'><strong>levem3</strong></span> <span class='ocrx_word' id='word_1_174' title='bbox 691 2607 744 2663; x_wconf 84' lang='lat' dir='ltr'><strong>viri</strong></span> <span class='ocrx_word' id='word_1_175' title='bbox 762 2624 817 2662; x_wconf 88' lang='lat' dir='ltr'><strong>non</strong></span> <span class='ocrx_word' id='word_1_176' title='bbox 834 2624 895 2663; x_wconf 86' lang='lat' dir='ltr'><strong>esse</strong></span> <span class='ocrx_word' id='word_1_177' title='bbox 917 2625 1005 2680; x_wconf 89' lang='lat' dir='ltr'><strong>neque</strong></span> <span class='ocrx_word' id='word_1_178' title='bbox 1029 2607 1134 2664; x_wconf 87' lang='lat' dir='ltr'><strong>exorari</strong></span> <span class='ocrx_word' id='word_1_179' title='bbox 1158 2624 1245 2679; x_wconf 87' lang='lat' dir='ltr'><strong>neque</strong></span> <span class='ocrx_word' id='word_1_180' title='bbox 1268 2605 1380 2676; x_wconf 73' lang='lat' dir='ltr'><strong>placari3</strong></span> <span class='ocrx_word' id='word_1_181' title='bbox 1406 2605 1475 2661; x_wconf 91' lang='lat' dir='ltr'><strong>solos</strong></span> <span class='ocrx_word' id='word_1_182' title='bbox 1498 2621 1541 2660; x_wconf 90' lang='lat' dir='ltr'><strong>sa·</strong></span> 
     </span>
     <span class='ocr_line' id='line_1_21' title="bbox 308 2695 1542 2768; baseline 0 -19"><span class='ocrx_word' id='word_1_183' title='bbox 308 2696 412 2767; x_wconf 87' lang='lat' dir='ltr'><strong>pientes</strong></span> <span class='ocrx_word' id='word_1_184' title='bbox 431 2712 498 2765; x_wconf 90' lang='lat' dir='ltr'><strong>esse,</strong></span> <span class='ocrx_word' id='word_1_185' title='bbox 517 2698 541 2751; x_wconf 92' lang='lat' dir='ltr'><strong>si</strong></span> <span class='ocrx_word' id='word_1_186' title='bbox 554 2697 730 2752; x_wconf 85' lang='lat' dir='ltr'><strong>distortissimi</strong></span> <span class='ocrx_word' id='word_1_187' title='bbox 749 2698 811 2767; x_wconf 84' lang='lat' dir='ltr'><strong>sint,</strong></span> <span class='ocrx_word' id='word_1_188' title='bbox 830 2699 977 2767; x_wconf 57' lang='lat' dir='ltr'><strong>formosam</strong></span> <span class='ocrx_word' id='word_1_189' title='bbox 996 2695 1542 2768; x_wconf 77' lang='lat' dir='ltr'><strong>simendicissimi(bcttela1m),divites;</strong></span> 
     </span>
     <span class='ocr_line' id='line_1_22' title="bbox 308 2783 1541 2857; baseline -0.001 -17"><span class='ocrx_word' id='word_1_190' title='bbox 308 2786 332 2840; x_wconf 92' lang='lat' dir='ltr'><strong>si</strong></span> <span class='ocrx_word' id='word_1_191' title='bbox 350 2786 507 2840; x_wconf 87' lang='lat' dir='ltr'><strong>servitutem</strong></span> <span class='ocrx_word' id='word_1_192' title='bbox 525 2786 657 2857; x_wconf 84' lang='lat' dir='ltr'><strong>serviant,</strong></span> <span class='ocrx_word' id='word_1_193' title='bbox 682 2802 774 2856; x_wconf 78' lang='lat' dir='ltr'><strong>rages3</strong></span> <span class='ocrx_word' id='word_1_194' title='bbox 798 2802 847 2841; x_wconf 91' lang='lat' dir='ltr'><strong>nos</strong></span> <span class='ocrx_word' id='word_1_195' title='bbox 865 2790 971 2855; x_wconf 88' lang='lat' dir='ltr'><strong>autem,</strong></span> <span class='ocrx_word' id='word_1_196' title='bbox 990 2786 1036 2857; x_wconf 92' lang='lat' dir='ltr'><strong>qui</strong></span> <span class='ocrx_word' id='word_1_197' title='bbox 1054 2786 1188 2855; x_wconf 86' lang='lat' dir='ltr'><strong>sapientes</strong></span> <span class='ocrx_word' id='word_1_198' title='bbox 1206 2801 1259 2839; x_wconf 93' lang='lat' dir='ltr'><strong>non</strong></span> <span class='ocrx_word' id='word_1_199' title='bbox 1278 2801 1386 2853; x_wconf 89' lang='lat' dir='ltr'><strong>sumus,</strong></span> <span class='ocrx_word' id='word_1_200' title='bbox 1404 2783 1541 2854; x_wconf 77' lang='lat' dir='ltr'><strong>fugitivos,</strong></span> 
     </span>
     <span class='ocr_line' id='line_1_23' title="bbox 310 2873 1541 2946; baseline -0.003 -15"><span class='ocrx_word' id='word_1_201' title='bbox 310 2873 432 2942; x_wconf 85' lang='lat' dir='ltr'><strong>exsules,</strong></span> <span class='ocrx_word' id='word_1_202' title='bbox 456 2875 560 2945; x_wconf 90' lang='lat' dir='ltr'><strong>hostes,</strong></span> <span class='ocrx_word' id='word_1_203' title='bbox 585 2876 693 2931; x_wconf 90' lang='lat' dir='ltr'><strong>insanos</strong></span> <span class='ocrx_word' id='word_1_204' title='bbox 715 2876 831 2946; x_wconf 85' lang='lat' dir='ltr'><strong>denique</strong></span> <span class='ocrx_word' id='word_1_205' title='bbox 854 2892 914 2931; x_wconf 85' lang='lat' dir='ltr'><strong>esse</strong></span> <span class='ocrx_word' id='word_1_206' title='bbox 932 2876 1051 2930; x_wconf 84' lang='lat' dir='ltr'><strong>dicunt.“</strong></span> <span class='ocrx_word' id='word_1_207' title='bbox 1088 2876 1153 2930; x_wconf 90' lang='lat' dir='ltr'><strong>Hor.</strong></span> <span class='ocrx_word' id='word_1_208' title='bbox 1172 2890 1213 2944; x_wconf 91' lang='lat' dir='ltr'><strong>ep.</strong></span> <span class='ocrx_word' id='word_1_209' title='bbox 1232 2874 1262 2942; x_wconf 92' lang='lat' dir='ltr'><strong>I,</strong></span> <span class='ocrx_word' id='word_1_210' title='bbox 1287 2876 1317 2941; x_wconf 92' lang='lat'><strong>1,</strong></span> <span class='ocrx_word' id='word_1_211' title='bbox 1344 2875 1449 2929; x_wconf 70' lang='lat' dir='ltr'><strong>loeta:</strong></span> <span class='ocrx_word' id='word_1_212' title='bbox 1476 2874 1541 2942; x_wconf 82' lang='lat' dir='ltr'><strong>„Ad</strong></span> 
     </span>
     <span class='ocr_line' id='line_1_24' title="bbox 309 2960 1541 3034; baseline -0.002 -15"><span class='ocrx_word' id='word_1_213' title='bbox 309 2979 454 3019; x_wconf 88' lang='lat' dir='ltr'><strong>summam:</strong></span> <span class='ocrx_word' id='word_1_214' title='bbox 481 2965 587 3034; x_wconf 92' lang='lat' dir='ltr'><strong>sapiens</strong></span> <span class='ocrx_word' id='word_1_215' title='bbox 605 2980 659 3019; x_wconf 90' lang='lat' dir='ltr'><strong>uno</strong></span> <span class='ocrx_word' id='word_1_216' title='bbox 677 2965 765 3020; x_wconf 89' lang='lat' dir='ltr'><strong>minor</strong></span> <span class='ocrx_word' id='word_1_217' title='bbox 782 2967 824 3020; x_wconf 87' lang='lat' dir='ltr'><strong>eet</strong></span> <span class='ocrx_word' id='word_1_218' title='bbox 841 2966 922 3033; x_wconf 85' lang='lat' dir='ltr'><strong>Iove,</strong></span> <span class='ocrx_word' id='word_1_219' title='bbox 941 2964 1028 3030; x_wconf 82' lang='lat' dir='ltr'><strong>dives,</strong></span> <span class='ocrx_word' id='word_1_220' title='bbox 1045 2964 1049 3033; x_wconf 93' lang='grc' dir='ltr'>Ι</span> <span class='ocrx_word' id='word_1_221' title='bbox 1064 2963 1146 3032; x_wconf 91' lang='lat' dir='ltr'><strong>liber,</strong></span> <span class='ocrx_word' id='word_1_222' title='bbox 1164 2963 1325 3029; x_wconf 89' lang='lat' dir='ltr'><strong>honoratus,</strong></span> <span class='ocrx_word' id='word_1_223' title='bbox 1344 2960 1471 3031; x_wconf 85' lang='lat' dir='ltr'><strong>pulcher,</strong></span> <span class='ocrx_word' id='word_1_224' title='bbox 1491 2978 1541 3016; x_wconf 85' lang='lat' dir='ltr'><strong>rex</strong></span> 
     </span>
     <span class='ocr_line' id='line_1_25' title="bbox 309 3050 1542 3124; baseline -0.002 -17"><span class='ocrx_word' id='word_1_225' title='bbox 309 3053 425 3123; x_wconf 85' lang='lat' dir='ltr'><strong>danique</strong></span> <span class='ocrx_word' id='word_1_226' title='bbox 438 3069 540 3123; x_wconf 83' lang='lat' dir='ltr'><strong>regum,</strong></span> <span class='ocrx_word' id='word_1_227' title='bbox 556 3055 561 3120; x_wconf 87' lang='grc'>1</span> <span class='ocrx_word' id='word_1_228' title='bbox 576 3053 719 3124; x_wconf 89' lang='lat' dir='ltr'><strong>praecipue</strong></span> <span class='ocrx_word' id='word_1_229' title='bbox 733 3070 822 3122; x_wconf 87' lang='lat' dir='ltr'><strong>sanus,</strong></span> <span class='ocrx_word' id='word_1_230' title='bbox 836 3053 888 3108; x_wconf 89' lang='lat' dir='ltr'><strong>nisi</strong></span> <span class='ocrx_word' id='word_1_231' title='bbox 902 3069 965 3107; x_wconf 89' lang='lat' dir='ltr'><strong>cum</strong></span> <span class='ocrx_word' id='word_1_232' title='bbox 977 3052 1073 3123; x_wconf 87' lang='lat' dir='ltr'><strong>pituita</strong></span> <span class='ocrx_word' id='word_1_233' title='bbox 1085 3052 1198 3107; x_wconf 86' lang='lat' dir='ltr'><strong>molesta</strong></span> <span class='ocrx_word' id='word_1_234' title='bbox 1210 3053 1277 3106; x_wconf 80' lang='lat' dir='ltr'><strong>est.“</strong></span> <span class='ocrx_word' id='word_1_235' title='bbox 1291 3082 1324 3091; x_wconf 93' lang='lat'>—</span> <span class='ocrx_word' id='word_1_236' title='bbox 1339 3050 1390 3120; x_wconf 82' lang='lat' dir='ltr'><strong>qui</strong></span> <span class='ocrx_word' id='word_1_237' title='bbox 1402 3057 1440 3105; x_wconf 84' lang='lat' dir='ltr'><strong>eat</strong></span> <span class='ocrx_word' id='word_1_238' title='bbox 1453 3050 1542 3121; x_wconf 77' lang='lat' dir='ltr'><strong>anian]</strong></span> 
     </span>
     <span class='ocr_line' id='line_1_26' title="bbox 309 3140 1540 3217; baseline -0.003 -20"><span class='ocrx_word' id='word_1_239' title='bbox 309 3142 376 3213; x_wconf 88' lang='lat' dir='ltr'><strong>„ein</strong></span> <span class='ocrx_word' id='word_1_240' title='bbox 394 3142 482 3212; x_wconf 85' lang='lat' dir='ltr'><strong>Geist,</strong></span> <span class='ocrx_word' id='word_1_241' title='bbox 507 3143 556 3197; x_wconf 92' lang='lat' dir='ltr'><strong>der</strong></span> <span class='ocrx_word' id='word_1_242' title='bbox 574 3145 644 3197; x_wconf 84' lang='lat'><strong>...“.</strong></span> <span class='ocrx_word' id='word_1_243' title='bbox 682 3142 752 3197; x_wconf 82' lang='lat' dir='ltr'><strong>Statt</strong></span> <span class='ocrx_word' id='word_1_244' title='bbox 774 3143 809 3197; x_wconf 78' lang='grc' dir='ltr'><strong>ιἰι</strong></span> <span class='ocrx_word' id='word_1_245' title='bbox 826 3143 920 3212; x_wconf 69' lang='grc' dir='ltr'><strong><em>αὶίραο</em></strong></span> <span class='ocrx_word' id='word_1_246' title='bbox 937 3142 1030 3196; x_wconf 85' lang='lat' dir='ltr'><strong>morde</strong></span> <span class='ocrx_word' id='word_1_247' title='bbox 1053 3143 1178 3197; x_wconf 88' lang='lat' dir='ltr'><strong>erwartet</strong></span> <span class='ocrx_word' id='word_1_248' title='bbox 1201 3158 1263 3196; x_wconf 90' lang='lat' dir='ltr'><strong>man</strong></span> <span class='ocrx_word' id='word_1_249' title='bbox 1288 3140 1418 3194; x_wconf 76' lang='lat' dir='ltr'><strong>auutchst</strong></span> <span class='ocrx_word' id='word_1_250' title='bbox 1431 3146 1540 3217; x_wconf 68' lang='lat' dir='ltr'><strong>penur-</strong></span> 
     </span>
     <span class='ocr_line' id='line_1_27' title="bbox 308 3228 1541 3303; baseline -0.004 -16"><span class='ocrx_word' id='word_1_251' title='bbox 308 3232 395 3287; x_wconf 80' lang='lat' dir='ltr'><strong>datue.</strong></span> <span class='ocrx_word' id='word_1_252' title='bbox 421 3263 456 3273; x_wconf 90' lang='lat'>—</span> <span class='ocrx_word' id='word_1_253' title='bbox 480 3232 594 3287; x_wconf 78' lang='lat' dir='ltr'><strong>Latinis</strong></span> <span class='ocrx_word' id='word_1_254' title='bbox 619 3250 703 3303; x_wconf 80' lang='lat' dir='ltr'><strong>praem</strong></span> <span class='ocrx_word' id='word_1_255' title='bbox 724 3232 847 3302; x_wconf 81' lang='lat' dir='ltr'><strong>Graccis]</strong></span> <span class='ocrx_word' id='word_1_256' title='bbox 871 3231 965 3289; x_wconf 82' lang='lat' dir='ltr'><strong>Cicero</strong></span> <span class='ocrx_word' id='word_1_257' title='bbox 989 3231 1135 3301; x_wconf 87' lang='lat' dir='ltr'><strong>behauptet</strong></span> <span class='ocrx_word' id='word_1_258' title='bbox 1157 3230 1208 3284; x_wconf 91' lang='lat' dir='ltr'><strong>mit</strong></span> <span class='ocrx_word' id='word_1_259' title='bbox 1229 3229 1352 3286; x_wconf 87' lang='lat' dir='ltr'><strong>Unreoht</strong></span> <span class='ocrx_word' id='word_1_260' title='bbox 1374 3228 1541 3296; x_wconf 85' lang='lat' dir='ltr'><strong>wiederholt,</strong></span> 
     </span>
     <span class='ocr_line' id='line_1_28' title="bbox 309 3317 1543 3391; baseline -0.003 -16"><span class='ocrx_word' id='word_1_261' title='bbox 309 3322 367 3377; x_wconf 82' lang='lat' dir='ltr'><strong>duis</strong></span> <span class='ocrx_word' id='word_1_262' title='bbox 391 3321 434 3376; x_wconf 90' lang='lat' dir='ltr'><strong>die</strong></span> <span class='ocrx_word' id='word_1_263' title='bbox 456 3322 614 3378; x_wconf 88' lang='lat' dir='ltr'><strong>lateinisohe</strong></span> <span class='ocrx_word' id='word_1_264' title='bbox 632 3321 749 3391; x_wconf 81' lang='lat' dir='ltr'><strong>Spracbe</strong></span> <span class='ocrx_word' id='word_1_265' title='bbox 774 3321 880 3377; x_wconf 89' lang='lat' dir='ltr'><strong>reicher</strong></span> <span class='ocrx_word' id='word_1_266' title='bbox 903 3321 944 3376; x_wconf 91' lang='lat' dir='ltr'><strong>sei</strong></span> <span class='ocrx_word' id='word_1_267' title='bbox 969 3320 1008 3376; x_wconf 91' lang='lat' dir='ltr'><strong>als</strong></span> <span class='ocrx_word' id='word_1_268' title='bbox 1030 3321 1073 3376; x_wconf 87' lang='lat' dir='ltr'><strong>die</strong></span> <span class='ocrx_word' id='word_1_269' title='bbox 1097 3320 1263 3391; x_wconf 83' lang='lat' dir='ltr'><strong>griechisohe</strong></span> <span class='ocrx_word' id='word_1_270' title='bbox 1287 3320 1342 3373; x_wconf 92' lang='lat' dir='ltr'><strong>und</strong></span> <span class='ocrx_word' id='word_1_271' title='bbox 1365 3320 1424 3374; x_wconf 80' lang='lat' dir='ltr'><strong>dass</strong></span> <span class='ocrx_word' id='word_1_272' title='bbox 1446 3319 1474 3371; x_wconf 91' lang='lat' dir='ltr'><strong>in</strong></span> <span class='ocrx_word' id='word_1_273' title='bbox 1497 3317 1543 3371; x_wconf 87' lang='lat' dir='ltr'><strong>ihr</strong></span> 
     </span>
     <span class='ocr_line' id='line_1_29' title="bbox 308 3407 1541 3480; baseline -0.002 -16"><span class='ocrx_word' id='word_1_274' title='bbox 308 3410 382 3465; x_wconf 90' lang='lat' dir='ltr'><strong>diese</strong></span> <span class='ocrx_word' id='word_1_275' title='bbox 400 3410 521 3480; x_wconf 78' lang='lat' dir='ltr'><strong>Begn&#39;fie</strong></span> <span class='ocrx_word' id='word_1_276' title='bbox 540 3411 682 3480; x_wconf 77' lang='lat' dir='ltr'><strong>(notiones)</strong></span> <span class='ocrx_word' id='word_1_277' title='bbox 707 3411 767 3465; x_wconf 90' lang='lat' dir='ltr'><strong>eine</strong></span> <span class='ocrx_word' id='word_1_278' title='bbox 792 3410 899 3465; x_wconf 82' lang='lat' dir='ltr'><strong>tessere</strong></span> <span class='ocrx_word' id='word_1_279' title='bbox 919 3412 1039 3479; x_wconf 78' lang='lat' dir='ltr'><strong>Fassung</strong></span> <span class='ocrx_word' id='word_1_280' title='bbox 1056 3410 1148 3466; x_wconf 70' lang='lat' dir='ltr'><strong>hitten</strong></span> <span class='ocrx_word' id='word_1_281' title='bbox 1174 3412 1278 3478; x_wconf 71' lang='lat' dir='ltr'><strong>(cretata</strong></span> <span class='ocrx_word' id='word_1_282' title='bbox 1295 3413 1370 3477; x_wconf 78' lang='lat' dir='ltr'><strong>auct)</strong></span> <span class='ocrx_word' id='word_1_283' title='bbox 1395 3424 1415 3462; x_wconf 91' lang='lat' dir='ltr'><strong>s.</strong></span> <span class='ocrx_word' id='word_1_284' title='bbox 1434 3407 1471 3474; x_wconf 89' lang='lat' dir='ltr'><strong>H,</strong></span> <span class='ocrx_word' id='word_1_285' title='bbox 1490 3408 1541 3475; x_wconf 84' lang='lat'><strong>35;</strong></span> 
     </span>
     <span class='ocr_line' id='line_1_30' title="bbox 309 3496 1541 3569; baseline -0.003 -15"><span class='ocrx_word' id='word_1_286' title='bbox 309 3499 360 3569; x_wconf 89' lang='lat' dir='ltr'><strong>III,</strong></span> <span class='ocrx_word' id='word_1_287' title='bbox 379 3502 428 3567; x_wconf 88' lang='lat'><strong>11;</strong></span> <span class='ocrx_word' id='word_1_288' title='bbox 446 3500 497 3568; x_wconf 93' lang='lat' dir='ltr'><strong>III,</strong></span> <span class='ocrx_word' id='word_1_289' title='bbox 516 3502 566 3568; x_wconf 82' lang='lat'><strong>23;</strong></span> <span class='ocrx_word' id='word_1_290' title='bbox 585 3516 615 3554; x_wconf 93' lang='lat' dir='ltr'><strong>so</strong></span> <span class='ocrx_word' id='word_1_291' title='bbox 633 3500 673 3554; x_wconf 93' lang='lat' dir='ltr'><strong>sei</strong></span> <span class='ocrx_word' id='word_1_292' title='bbox 686 3500 738 3554; x_wconf 86' lang='lat' dir='ltr'><strong>den</strong></span> <span class='ocrx_word' id='word_1_293' title='bbox 753 3498 886 3553; x_wconf 86' lang='lat' dir='ltr'><strong>Griechen</strong></span> <span class='ocrx_word' id='word_1_294' title='bbox 904 3499 952 3553; x_wconf 88' lang='lat' dir='ltr'><strong>der</strong></span> <span class='ocrx_word' id='word_1_295' title='bbox 966 3499 1071 3569; x_wconf 84' lang='lat' dir='ltr'><strong>Begriit</strong></span> <span class='ocrx_word' id='word_1_296' title='bbox 1088 3505 1170 3569; x_wconf 82' lang='lat' dir='ltr'><strong>aptus</strong></span> <span class='ocrx_word' id='word_1_297' title='bbox 1249 3500 1357 3569; x_wconf 78' lang='lat' dir='ltr'><strong>ineptus</strong></span> <span class='ocrx_word' id='word_1_298' title='bbox 1371 3514 1438 3567; x_wconf 86' lang='lat' dir='ltr'><strong>ganz</strong></span> <span class='ocrx_word' id='word_1_299' title='bbox 1452 3496 1541 3551; x_wconf 79' lang='lat' dir='ltr'><strong>iremd</strong></span> 
     </span>
     <span class='ocr_line' id='line_1_31' title="bbox 310 3586 1542 3659; baseline -0.003 -17"><span class='ocrx_word' id='word_1_300' title='bbox 310 3589 354 3658; x_wconf 88' lang='lat' dir='ltr'><strong>(de</strong></span> <span class='ocrx_word' id='word_1_301' title='bbox 373 3604 411 3643; x_wconf 88' lang='lat' dir='ltr'><strong>or.</strong></span> <span class='ocrx_word' id='word_1_302' title='bbox 429 3588 470 3657; x_wconf 84' lang='grc' dir='ltr'><strong>Π,</strong></span> <span class='ocrx_word' id='word_1_303' title='bbox 490 3590 543 3658; x_wconf 84' lang='grc'>17).</span> <span class='ocrx_word' id='word_1_304' title='bbox 569 3620 603 3629; x_wconf 91' lang='grc'>-</span> <span class='ocrx_word' id='word_1_305' title='bbox 628 3588 706 3659; x_wconf 67' lang='lat' dir='ltr'><strong>mett]</strong></span> <span class='ocrx_word' id='word_1_306' title='bbox 724 3587 826 3643; x_wconf 84' lang='lat' dir='ltr'><strong>Stellen</strong></span> <span class='ocrx_word' id='word_1_307' title='bbox 844 3588 893 3642; x_wconf 91' lang='lat' dir='ltr'><strong>des</strong></span> <span class='ocrx_word' id='word_1_308' title='bbox 911 3588 1139 3657; x_wconf 83' lang='lat' dir='ltr'><strong>Sprachgebietes.</strong></span> <span class='ocrx_word' id='word_1_309' title='bbox 1164 3619 1199 3628; x_wconf 89' lang='lat'><em>-</em></span> <span class='ocrx_word' id='word_1_310' title='bbox 1224 3588 1321 3657; x_wconf 81' lang='lat' dir='ltr'><strong>instat]</strong></span> <span class='ocrx_word' id='word_1_311' title='bbox 1340 3603 1472 3656; x_wconf 79' lang='lat' dir='ltr'><strong>synonym</strong></span> <span class='ocrx_word' id='word_1_312' title='bbox 1491 3586 1542 3639; x_wconf 89' lang='lat' dir='ltr'><strong>mit</strong></span> 
     </span>
     <span class='ocr_line' id='line_1_32' title="bbox 309 3676 1473 3747; baseline -0.001 -17"><span class='ocrx_word' id='word_1_313' title='bbox 309 3676 410 3747; x_wconf 72' lang='grc' dir='ltr'><strong><em>αρίιιιν,</em></strong></span> <span class='ocrx_word' id='word_1_314' title='bbox 425 3678 599 3747; x_wconf 80' lang='lat' dir='ltr'><strong>propositam</strong></span> <span class='ocrx_word' id='word_1_315' title='bbox 615 3683 669 3742; x_wconf 84' lang='lat' dir='ltr'><strong>est,·</strong></span> <span class='ocrx_word' id='word_1_316' title='bbox 688 3676 832 3745; x_wconf 64' lang='lat' dir='ltr'><strong>incanta,</strong></span> <span class='ocrx_word' id='word_1_317' title='bbox 853 3681 886 3733; x_wconf 84' lang='grc' dir='ltr'><strong>τὰ</strong></span> <span class='ocrx_word' id='word_1_318' title='bbox 906 3680 1048 3745; x_wconf 74' lang='grc' dir='ltr'><strong>ἐνεστῶτα,</strong></span> <span class='ocrx_word' id='word_1_319' title='bbox 1067 3677 1289 3747; x_wconf 79' lang='lat' dir='ltr'><strong>Gegenwirtiges,</strong></span> <span class='ocrx_word' id='word_1_320' title='bbox 1309 3677 1473 3746; x_wconf 85' lang='lat' dir='ltr'><strong>Gegenwart</strong></span> 
     </span>
    </p>

    <p class='ocr_par' dir='ltr' id='par_1_4' title="bbox 305 3764 1543 4644">
     <span class='ocr_line' id='line_1_33' title="bbox 385 3764 1540 3836; baseline -0.003 -15"><span class='ocrx_word' id='word_1_321' title='bbox 385 3780 424 3821; x_wconf 81' lang='lat' dir='ltr'><strong>st.</strong></span> <span class='ocrx_word' id='word_1_322' title='bbox 448 3767 491 3821; x_wconf 70' lang='grc' dir='ltr'><strong>αιζε</strong></span> <span class='ocrx_word' id='word_1_323' title='bbox 515 3766 602 3836; x_wconf 79' lang='lat' dir='ltr'><strong>verbi]</strong></span> <span class='ocrx_word' id='word_1_324' title='bbox 622 3767 804 3835; x_wconf 86' lang='lat' dir='ltr'><strong>„Bedeutung</strong></span> <span class='ocrx_word' id='word_1_325' title='bbox 825 3767 873 3821; x_wconf 85' lang='lat' dir='ltr'><strong>des</strong></span> <span class='ocrx_word' id='word_1_326' title='bbox 891 3766 1030 3821; x_wconf 81' lang='lat' dir='ltr'><strong>Wortes“.</strong></span> <span class='ocrx_word' id='word_1_327' title='bbox 1056 3798 1090 3807; x_wconf 90' lang='lat'><strong>—</strong></span> <span class='ocrx_word' id='word_1_328' title='bbox 1115 3766 1201 3821; x_wconf 81' lang='lat' dir='ltr'><strong>aaa‘eae</strong></span> <span class='ocrx_word' id='word_1_329' title='bbox 1221 3784 1254 3820; x_wconf 80' lang='lat' dir='ltr'><strong>aa</strong></span> <span class='ocrx_word' id='word_1_330' title='bbox 1271 3766 1409 3836; x_wconf 77' lang='lat' dir='ltr'><strong>potestate]</strong></span> <span class='ocrx_word' id='word_1_331' title='bbox 1433 3764 1540 3819; x_wconf 83' lang='lat' dir='ltr'><strong>&#39;ahnlioh</strong></span> 
     </span>
     <span class='ocr_line' id='line_1_34' title="bbox 309 3852 1539 3926; baseline -0.002 -16"><span class='ocrx_word' id='word_1_332' title='bbox 309 3855 443 3925; x_wconf 72' lang='lat' dir='ltr'><strong>impotens</strong></span> <span class='ocrx_word' id='word_1_333' title='bbox 461 3855 541 3924; x_wconf 88' lang='lat' dir='ltr'><strong>„sich</strong></span> <span class='ocrx_word' id='word_1_334' title='bbox 559 3856 635 3910; x_wconf 90' lang='lat' dir='ltr'><strong>nicht</strong></span> <span class='ocrx_word' id='word_1_335' title='bbox 652 3855 859 3924; x_wconf 89' lang='lat' dir='ltr'><strong>beherrschend,</strong></span> <span class='ocrx_word' id='word_1_336' title='bbox 878 3855 1145 3924; x_wconf 83' lang='lat' dir='ltr'><strong>leidenschaitlich“3</strong></span> <span class='ocrx_word' id='word_1_337' title='bbox 1163 3856 1216 3926; x_wconf 80' lang='lat' dir='ltr'><strong>rgl.</strong></span> <span class='ocrx_word' id='word_1_338' title='bbox 1236 3855 1316 3923; x_wconf 88' lang='lat' dir='ltr'><strong>„sich</strong></span> <span class='ocrx_word' id='word_1_339' title='bbox 1334 3855 1362 3907; x_wconf 93' lang='lat' dir='ltr'><strong>in</strong></span> <span class='ocrx_word' id='word_1_340' title='bbox 1381 3854 1471 3908; x_wconf 89' lang='lat' dir='ltr'><strong>seiner</strong></span> <span class='ocrx_word' id='word_1_341' title='bbox 1488 3852 1539 3907; x_wconf 82' lang='lat' dir='ltr'><strong>Ge-</strong></span> 
     </span>
     <span class='ocr_line' id='line_1_35' title="bbox 309 3943 1541 4014; baseline -0.003 -15"><span class='ocrx_word' id='word_1_342' title='bbox 309 3945 374 4000; x_wconf 82' lang='lat' dir='ltr'><strong>walt</strong></span> <span class='ocrx_word' id='word_1_343' title='bbox 391 3945 508 4013; x_wconf 83' lang='lat' dir='ltr'><strong>haben“,</strong></span> <span class='ocrx_word' id='word_1_344' title='bbox 534 3945 647 4014; x_wconf 77' lang='lat' dir='ltr'><strong>„ausser</strong></span> <span class='ocrx_word' id='word_1_345' title='bbox 671 3944 729 3999; x_wconf 89' lang='lat' dir='ltr'><strong>sich</strong></span> <span class='ocrx_word' id='word_1_346' title='bbox 753 3945 846 4013; x_wconf 85' lang='lat' dir='ltr'><strong>sein“;</strong></span> <span class='ocrx_word' id='word_1_347' title='bbox 872 3946 1026 4014; x_wconf 82' lang='lat' dir='ltr'><strong>„Elstase“</strong></span> <span class='ocrx_word' id='word_1_348' title='bbox 1045 3961 1098 3999; x_wconf 86' lang='lat' dir='ltr'><strong>von</strong></span> <span class='ocrx_word' id='word_1_349' title='bbox 1121 3949 1287 4009; x_wconf 73' lang='grc' dir='ltr'><strong>ἐξίστασθαι</strong></span> <span class='ocrx_word' id='word_1_350' title='bbox 1310 3947 1423 4010; x_wconf 77' lang='grc' dir='ltr'><strong><em>ἑαυτοῦ,</em></strong></span> <span class='ocrx_word' id='word_1_351' title='bbox 1447 3943 1541 3996; x_wconf 87' lang='lat' dir='ltr'><strong>ierner</strong></span> 
     </span>
     <span class='ocr_line' id='line_1_36' title="bbox 310 4031 1541 4109; baseline -0.005 -18"><span class='ocrx_word' id='word_1_352' title='bbox 310 4038 441 4109; x_wconf 72' lang='grc' dir='ltr'><strong>ἐγκρατής</strong></span> <span class='ocrx_word' id='word_1_353' title='bbox 463 4065 498 4074; x_wconf 92' lang='grc'>-</span> <span class='ocrx_word' id='word_1_354' title='bbox 522 4037 652 4107; x_wconf 72' lang='grc' dir='ltr'><strong><em>ἀκρατής,</em></strong></span> <span class='ocrx_word' id='word_1_355' title='bbox 677 4035 779 4090; x_wconf 73' lang='grc' dir='ltr'><strong><em>ἑαυτοῦ</em></strong></span> <span class='ocrx_word' id='word_1_356' title='bbox 800 4036 872 4090; x_wconf 79' lang='grc' dir='ltr'><strong><em>εἶναι</em></strong></span> <span class='ocrx_word' id='word_1_357' title='bbox 893 4035 950 4088; x_wconf 84' lang='lat' dir='ltr'><strong>und</strong></span> <span class='ocrx_word' id='word_1_358' title='bbox 972 4041 1128 4106; x_wconf 69' lang='grc' dir='ltr'><strong><em>γίγνεσθαι.</em></strong></span> <span class='ocrx_word' id='word_1_359' title='bbox 1167 4034 1274 4103; x_wconf 77' lang='lat' dir='ltr'><strong>„Italos</strong></span> <span class='ocrx_word' id='word_1_360' title='bbox 1299 4033 1405 4102; x_wconf 83' lang='lat' dir='ltr'><strong>proprie</strong></span> <span class='ocrx_word' id='word_1_361' title='bbox 1427 4031 1541 4086; x_wconf 87' lang='lat' dir='ltr'><strong>dicimus</strong></span> 
     </span>
     <span class='ocr_line' id='line_1_37' title="bbox 311 4120 1540 4192; baseline -0.005 -14"><span class='ocrx_word' id='word_1_362' title='bbox 311 4124 399 4178; x_wconf 90' lang='lat' dir='ltr'><strong>exisse</strong></span> <span class='ocrx_word' id='word_1_363' title='bbox 416 4124 450 4177; x_wconf 89' lang='lat' dir='ltr'><strong>de</strong></span> <span class='ocrx_word' id='word_1_364' title='bbox 468 4124 607 4191; x_wconf 86' lang='lat' dir='ltr'><strong>potestate,</strong></span> <span class='ocrx_word' id='word_1_365' title='bbox 626 4121 653 4176; x_wconf 92' lang='lat' dir='ltr'><strong>id</strong></span> <span class='ocrx_word' id='word_1_366' title='bbox 672 4125 713 4177; x_wconf 91' lang='lat' dir='ltr'><strong>est</strong></span> <span class='ocrx_word' id='word_1_367' title='bbox 726 4123 759 4176; x_wconf 92' lang='lat' dir='ltr'><strong>de</strong></span> <span class='ocrx_word' id='word_1_368' title='bbox 778 4123 896 4191; x_wconf 88' lang='lat' dir='ltr'><strong>consilio,</strong></span> <span class='ocrx_word' id='word_1_369' title='bbox 915 4124 949 4177; x_wconf 91' lang='lat' dir='ltr'><strong>de</strong></span> <span class='ocrx_word' id='word_1_370' title='bbox 968 4123 1078 4192; x_wconf 89' lang='lat' dir='ltr'><strong>ratione,</strong></span> <span class='ocrx_word' id='word_1_371' title='bbox 1097 4123 1131 4177; x_wconf 90' lang='lat' dir='ltr'><strong>de</strong></span> <span class='ocrx_word' id='word_1_372' title='bbox 1149 4125 1262 4177; x_wconf 81' lang='lat' dir='ltr'><strong>mentc“</strong></span> <span class='ocrx_word' id='word_1_373' title='bbox 1280 4121 1328 4188; x_wconf 90' lang='lat' dir='ltr'><strong>IV,</strong></span> <span class='ocrx_word' id='word_1_374' title='bbox 1348 4123 1391 4178; x_wconf 83' lang='grc'><strong>77.</strong></span> <span class='ocrx_word' id='word_1_375' title='bbox 1411 4152 1445 4161; x_wconf 98' lang='grc'>-</span> <span class='ocrx_word' id='word_1_376' title='bbox 1463 4120 1540 4188; x_wconf 83' lang='lat' dir='ltr'><strong>effra-</strong></span> 
     </span>
     <span class='ocr_line' id='line_1_38' title="bbox 309 4206 1541 4283; baseline -0.006 -16"><span class='ocrx_word' id='word_1_377' title='bbox 309 4212 386 4283; x_wconf 79' lang='lat' dir='ltr'><strong>ncta‘]</strong></span> <span class='ocrx_word' id='word_1_378' title='bbox 404 4212 587 4279; x_wconf 62' lang='lat' dir='ltr'><strong>confratrum</strong></span> <span class='ocrx_word' id='word_1_379' title='bbox 605 4211 811 4281; x_wconf 86' lang='lat' dir='ltr'><strong>„derZiigel“;</strong></span> <span class='ocrx_word' id='word_1_380' title='bbox 829 4212 957 4279; x_wconf 73' lang='lat' dir='ltr'><strong>scantur</strong></span> <span class='ocrx_word' id='word_1_381' title='bbox 975 4227 996 4265; x_wconf 91' lang='lat' dir='ltr'><strong>s.</strong></span> <span class='ocrx_word' id='word_1_382' title='bbox 1016 4227 1040 4265; x_wconf 91' lang='grc' dir='ltr'><strong>ο.</strong></span> <span class='ocrx_word' id='word_1_383' title='bbox 1059 4213 1076 4280; x_wconf 63' lang='grc' dir='ltr'>ἐ</span> <span class='ocrx_word' id='word_1_384' title='bbox 1094 4212 1119 4266; x_wconf 88' lang='grc'><strong>4.</strong></span> <span class='ocrx_word' id='word_1_385' title='bbox 1146 4241 1181 4252; x_wconf 93' lang='grc'>-</span> <span class='ocrx_word' id='word_1_386' title='bbox 1204 4210 1364 4279; x_wconf 78' lang='lat' dir='ltr'><strong>iracundie]</strong></span> <span class='ocrx_word' id='word_1_387' title='bbox 1384 4206 1541 4263; x_wconf 79' lang='lat' dir='ltr'><strong>Aristoteles</strong></span> 
     </span>
     <span class='ocr_line' id='line_1_39' title="bbox 310 4296 1540 4369; baseline -0.004 -14"><span class='ocrx_word' id='word_1_388' title='bbox 310 4300 438 4356; x_wconf 83' lang='lat' dir='ltr'><strong>definient</strong></span> <span class='ocrx_word' id='word_1_389' title='bbox 462 4301 517 4354; x_wconf 91' lang='lat' dir='ltr'><strong>und</strong></span> <span class='ocrx_word' id='word_1_390' title='bbox 542 4299 688 4369; x_wconf 82' lang='lat' dir='ltr'><strong>analysiert</strong></span> <span class='ocrx_word' id='word_1_391' title='bbox 711 4302 749 4353; x_wconf 92' lang='lat' dir='ltr'><strong>im</strong></span> <span class='ocrx_word' id='word_1_392' title='bbox 773 4303 799 4356; x_wconf 79' lang='lat'><strong>2.</strong></span> <span class='ocrx_word' id='word_1_393' title='bbox 818 4301 912 4355; x_wconf 90' lang='lat' dir='ltr'><strong>Buohe</strong></span> <span class='ocrx_word' id='word_1_394' title='bbox 937 4301 1026 4355; x_wconf 89' lang='lat' dir='ltr'><strong>seiner</strong></span> <span class='ocrx_word' id='word_1_395' title='bbox 1050 4300 1177 4355; x_wconf 80' lang='lat' dir='ltr'><strong>Rhetorilr</strong></span> <span class='ocrx_word' id='word_1_396' title='bbox 1201 4300 1244 4353; x_wconf 90' lang='lat' dir='ltr'><strong>die</strong></span> <span class='ocrx_word' id='word_1_397' title='bbox 1268 4298 1378 4354; x_wconf 78' lang='lat' dir='ltr'><strong>Aifelte</strong></span> <span class='ocrx_word' id='word_1_398' title='bbox 1402 4296 1457 4351; x_wconf 88' lang='lat' dir='ltr'><strong>und</strong></span> <span class='ocrx_word' id='word_1_399' title='bbox 1481 4298 1540 4363; x_wconf 78' lang='lat' dir='ltr'><strong>sagi</strong></span> 
     </span>
     <span class='ocr_line' id='line_1_40' title="bbox 309 4389 1541 4464; baseline -0.004 -20"><span class='ocrx_word' id='word_1_400' title='bbox 309 4389 376 4458; x_wconf 67' lang='grc' dir='ltr'><strong><em>Καρ.</em></strong></span> <span class='ocrx_word' id='word_1_401' title='bbox 395 4391 427 4445; x_wconf 76' lang='lat'><strong>2:</strong></span> <span class='ocrx_word' id='word_1_402' title='bbox 451 4392 521 4445; x_wconf 75' lang='grc' dir='ltr'><strong><em>ἔστω</em></strong></span> <span class='ocrx_word' id='word_1_403' title='bbox 539 4393 575 4459; x_wconf 72' lang='grc' dir='ltr'><strong>δὴ</strong></span> <span class='ocrx_word' id='word_1_404' title='bbox 593 4393 679 4464; x_wconf 77' lang='grc' dir='ltr'><strong><em>ὀργὴ</em></strong></span> <span class='ocrx_word' id='word_1_405' title='bbox 700 4396 820 4464; x_wconf 78' lang='grc' dir='ltr'><strong><em>ὄρεξις</em></strong></span> <span class='ocrx_word' id='word_1_406' title='bbox 838 4390 975 4460; x_wconf 82' lang='lat' dir='ltr'><strong>(Streben,</strong></span> <span class='ocrx_word' id='word_1_407' title='bbox 998 4390 1144 4460; x_wconf 77' lang='lat' dir='ltr'><strong>appetitus)</strong></span> <span class='ocrx_word' id='word_1_408' title='bbox 1162 4392 1234 4463; x_wconf 82' lang='grc' dir='ltr'><strong>μετὰ</strong></span> <span class='ocrx_word' id='word_1_409' title='bbox 1252 4392 1339 4456; x_wconf 76' lang='grc' dir='ltr'><em>λύπης</em></span> <span class='ocrx_word' id='word_1_410' title='bbox 1362 4392 1541 4461; x_wconf 81' lang='grc' dir='ltr'><strong><em>τιμωρίας</em></strong></span> 
     </span>
     <span class='ocr_line' id='line_1_41' title="bbox 312 4477 1543 4555; baseline 0 -22"><span class='ocrx_word' id='word_1_411' title='bbox 312 4485 482 4553; x_wconf 82' lang='grc' dir='ltr'><strong><em>φαινομένης</em></strong></span> <span class='ocrx_word' id='word_1_412' title='bbox 505 4482 553 4535; x_wconf 75' lang='grc' dir='ltr'><strong>διὰ</strong></span> <span class='ocrx_word' id='word_1_413' title='bbox 579 4486 750 4555; x_wconf 78' lang='grc' dir='ltr'><strong><em>φαινομένην</em></strong></span> <span class='ocrx_word' id='word_1_414' title='bbox 769 4484 918 4554; x_wconf 76' lang='grc' dir='ltr'><strong><em>ὀλιγωρίαν</em></strong></span> <span class='ocrx_word' id='word_1_415' title='bbox 935 4477 1201 4551; x_wconf 69' lang='lat' dir='ltr'><strong>(Geringschttzung)</strong></span> <span class='ocrx_word' id='word_1_416' title='bbox 1220 4490 1275 4532; x_wconf 81' lang='grc' dir='ltr'><strong>τῶν</strong></span> <span class='ocrx_word' id='word_1_417' title='bbox 1291 4483 1330 4539; x_wconf 75' lang='grc' dir='ltr'><strong>εἰς</strong></span> <span class='ocrx_word' id='word_1_418' title='bbox 1349 4479 1433 4531; x_wconf 84' lang='grc' dir='ltr'><strong><em>αὐτὸν</em></strong></span> <span class='ocrx_word' id='word_1_419' title='bbox 1452 4481 1468 4544; x_wconf 72' lang='grc' dir='ltr'><em>ἢ</em></span> <span class='ocrx_word' id='word_1_420' title='bbox 1487 4487 1543 4533; x_wconf 84' lang='grc' dir='ltr'><strong>τῶν</strong></span> 
     </span>
     <span class='ocr_line' id='line_1_42' title="bbox 305 4565 1540 4644; baseline -0.002 -22"><span class='ocrx_word' id='word_1_421' title='bbox 305 4570 399 4623; x_wconf 73' lang='grc' dir='ltr'><strong><em>αὐτοῦ</em></strong></span> <span class='ocrx_word' id='word_1_422' title='bbox 422 4580 472 4623; x_wconf 80' lang='grc' dir='ltr'><strong>τοι)</strong></span> <span class='ocrx_word' id='word_1_423' title='bbox 499 4571 641 4639; x_wconf 72' lang='grc' dir='ltr'><strong><em>ὀλιγωρεῖν</em></strong></span> <span class='ocrx_word' id='word_1_424' title='bbox 663 4572 704 4643; x_wconf 82' lang='grc' dir='ltr'><strong>μὴ</strong></span> <span class='ocrx_word' id='word_1_425' title='bbox 731 4573 917 4644; x_wconf 78' lang='grc' dir='ltr'><strong><em>προσήκοντος</em></strong></span> <span class='ocrx_word' id='word_1_426' title='bbox 941 4572 1031 4640; x_wconf 77' lang='lat' dir='ltr'><strong>(wana</strong></span> <span class='ocrx_word' id='word_1_427' title='bbox 1056 4568 1099 4623; x_wconf 83' lang='lat' dir='ltr'><strong>die</strong></span> <span class='ocrx_word' id='word_1_428' title='bbox 1125 4565 1371 4636; x_wconf 77' lang='lat' dir='ltr'><strong>Goringsohittzung</strong></span> <span class='ocrx_word' id='word_1_429' title='bbox 1397 4565 1473 4620; x_wconf 86' lang='lat' dir='ltr'><strong>nicht</strong></span> <span class='ocrx_word' id='word_1_430' title='bbox 1497 4580 1540 4619; x_wconf 81' lang='lat' dir='ltr'><strong>am</strong></span> 
     </span>
    </p>
   </div>
   <div class='ocr_carea' id='block_1_4' title="bbox 0 0 1826 5225">
    <p class='ocr_par' dir='ltr' id='par_1_5' title="bbox 0 0 1826 5225">
     <span class='ocr_line' id='line_1_43' title="bbox 0 0 1826 5225; baseline 0 0"><span class='ocrx_word' id='word_1_431' title='bbox 0 0 1826 5225; x_wconf 95' lang='lat' dir='ltr'><strong> </strong></span> 
     </span>
    </p>
   </div>
  </div>
 </body>
</html>
