3642 5225
329 549 381 613 17⁰
726 546 935 603 tusculanarum
952 549 1159 619 disputationum

327 712 434 796 plures
458 711 583 775 amarit
606 712 737 793 argento
762 730 903 793 auroque
928 713 1059 776 caelato.
1105 713 1187 776 Tum
1211 713 1250 777 ad
1273 731 1421 777 mensam
1448 713 1572 778 eximia

327 819 430 884 forma
457 836 572 901 pueros
603 818 742 883 delectos
771 818 867 882 iussit
896 820 1069 884 consistere
1100 838 1217 902 eosque
1247 822 1364 885 nutum
1393 819 1487 884 illius
1520 820 1571 884 in·

285 925 447 990 satuentis
471 925 639 1006 diligenter
661 924 851 990 ministrare.
890 926 1035 991 Aderant
1050 928 1223 1008 unguenta,
1247 945 1387 1004 coronae,
1411 927 1571 992 incende·

327 1034 446 1098 bantur
469 1033 589 1109 odores‚
612 1051 741 1096 mensae
765 1033 1042 1114 conquisitissimis
1067 1033 1168 1116 epulis
1192 1034 1450 1098 exstruebantur.
1488 1034 1570 1099 For·

327 1142 461 1204 tanatos
485 1139 545 1203 sibi
568 1139 736 1204 Damocles
759 1140 935 1205 videbatur.
981 1141 1021 1204 In
1043 1141 1103 1205 hoo
1126 1141 1230 1205 medio
1255 1143 1409 1225 apparatu
1435 1141 1571 1223 fulgen-

326 1248 394 1310 tem
424 1246 567 1329 gladium
596 1265 612 1310 e
640 1247 783 1311 lacunari
813 1250 902 1312 saeta
932 1248 1049 1329 equina
1080 1249 1193 1330 aptum
1223 1247 1349 1312 demitti
1378 1248 1495 1325 iussit,
1530 1252 1570 1313 ut

326 1353 525 1436 impenderet
546 1354 633 1417 illius
656 1354 741 1418 beati
757 1354 940 1419 cervicibus.
978 1354 1093 1436 Itaque
1116 1374 1176 1420 nec
1198 1355 1346 1438 pulchros
1368 1355 1444 1418 illos
1468 1355 1569 1419 mini-

328 1462 482 1525 stratores
501 1461 697 1543 adspiciebat
719 1481 778 1525 nec
800 1462 932 1544 plenum
956 1462 1034 1527 artis
1051 1464 1221 1543 argentum
1237 1481 1295 1526 nec
1310 1480 1445 1525 manum
1462 1464 1569 1545 porri-

327 1569 424 1649 gebat
445 1568 479 1631 in
503 1587 656 1645 mensam,
678 1569 743 1632 iam
765 1569 853 1651 ipsae
877 1567 1061 1634 defluebant
1084 1587 1233 1642 coronae;
1258 1568 1393 1650 denique
1418 1570 1569 1633 exoravit

327 1677 511 1758 tyrannum,
534 1677 571 1738 ut
594 1675 680 1739 abire
704 1675 826 1752 liceret,
851 1675 936 1756 quod
959 1676 1023 1740 iam
1046 1676 1160 1741 beatus
1182 1675 1282 1740 nollet
1305 1693 1383 1739 esse.
1432 1674 1567 1741 Satisne

328 1780 454 1845 videtur
477 1780 655 1846 declarasse
671 1782 843 1865 Dionysius
866 1783 946 1847 nihil
971 1801 1040 1847 esse
1064 1782 1093 1847 ei
1117 1783 1256 1859 beatum,
1280 1783 1331 1846 cui
1353 1800 1485 1865 semper
1509 1784 1569 1848 ali-

329 1888 385 1969 qui
407 1890 510 1951 terror
531 1888 737 1971 impendeat?
776 1893 882 1971 Atque
907 1891 936 1954 ei
959 1909 998 1954 ne
1023 1891 1189 1972 integrum
1205 1889 1333 1970 quidem
1357 1892 1438 1967 erat,
1462 1893 1502 1954 ut
1527 1891 1569 1954 ad

328 1995 486 2059 iustitiam
504 1996 701 2078 remigraret,
724 1996 845 2061 civibus
868 1997 1052 2062 libertatem
1077 1999 1109 2061 et
1131 1997 1202 2061 iura
1224 1996 1386 2071 redderet;
1410 1997 1452 2061 iis
1478 1999 1568 2062 enim
1597 2068 1601 2073 ,

330 2121 363 2166 se
387 2102 573 2167 adulescens
596 2104 773 2187 improvida
794 2106 900 2168 aetate
916 2104 1082 2168 inretierat
1101 2104 1214 2168 erratis
1231 2122 1331 2184 eaque
1347 2105 1568 2184 commiserat,

276 2188 367 2317 ²⁸}ut
394 2210 501 2273 salvus
530 2228 599 2275 esse
627 2230 691 2275 non
717 2213 839 2294 posset,
869 2212 897 2275 si
926 2229 1023 2275 sanus
1053 2229 1122 2275 esse
1146 2211 1309 2294 coepisset
1355 2209 1567 2296 Quantopere

331 2334 403 2379 vero
427 2316 585 2381 amicitias
609 2317 811 2394 desideraret,
835 2337 972 2399 quarum
996 2317 1218 2381 infidelitatem
1242 2317 1486 2396 extimescebat,
1512 2320 1569 2385 de·

329 2423 462 2487 claravit
484 2424 517 2486 in
540 2423 742 2507 Pythagoriis
766 2424 889 2488 duobus
912 2425 992 2501 illis,
1021 2443 1158 2506 quorum
1186 2443 1260 2488 cum
1283 2425 1422 2488 alterum
1447 2427 1567 2492 vadem

327 2530 440 2593 mortis
464 2531 650 2614 accepisset,
673 2532 767 2608 alter,
791 2533 828 2594 ut
851 2531 965 2595 vadem
989 2550 1084 2595 suum
1108 2532 1270 2608 liberaret,
1293 2534 1420 2615 praesto
1446 2532 1568 2599 fnisset

328 2636 369 2700 ad
392 2638 504 2701 horam
527 2640 870 2716 montisdestinatam,
893 2640 1084 2717 „Utinam
1108 2645 1213 2720 egc“,
1236 2640 1352 2720 inquit,
1376 2641 1566 2718 „tertius

327 2745 442 2809 vobis
471 2747 625 2810 amicus
653 2746 956 2811 adscriberer!“
1002 2745 1107 2826 Quam
1135 2747 1210 2811 huic
1237 2749 1307 2811 erat
1329 2746 1489 2813 miserum
1513 2768 1567 2814 ca-

327 3011 488 3080 meister,
507 3012 669 3066 Denlrmiler
686 3014 767 3066 anter
785 3011 929 3080 „Mosailr“
948 3010 974 3065 S.
994 3012 1104 3079 aalma
1124 3043 1158 3051 -
1181 3016 1291 3080 arpenta
1308 3028 1429 3080 auroque
1448 3014 1566 3085 metato]

329 3103 488 3158 Getriebene
507 3103 561 3157 und
580 3102 712 3156 ziselierta
727 3101 806 3154 Gold·
823 3102 879 3154 und
894 3100 1124 3169 Silberiigi'rroheu
1142 3102 1198 3154 und
1217 3102 1331 3170 -geitisc
1345 3101 1456 3171 (signa)
1470 3102 1567 3157 bildon

328 3194 418 3247 ausser
441 3192 586 3247 Gemffldon
611 3192 691 3246 einen
715 3190 934 3260 Hauptscbmucle
958 3192 1006 3245 dor
1028 3190 1231 3244 Prunlrzimmer
1254 3192 1280 3260 (ξ
1303 3192 1374 3259 102).
1411 3180 1492 3247 Dber
1516 3194 1567 3249 dae

327 3282 400 3338 Mahl
424 3282 476 3352 vgl.
495 3282 559 3335 Hor.
579 3283 627 3335 sat
646 3280 687 3350 Π,
713 3283 730 3336 8
756 3279 962 3347 (Nasidienus),
988 3278 1031 3333 die
1056 3279 1308 3348 conquisitissimas
1331 3280 1426 3349 epulae
1453 3283 1568 3336 werden

328 3375 388 3427 dort
405 3372 516 3440 stilari,
534 3375 668 3426 mamae
686 3369 816 3431 anchira,
837 3371 885 3423 sat
903 3369 941 3436 Π,
961 3371 986 3437 6,
1005 3371 1065 3424 105.

400 3475 441 3516 aa.
470 3461 617 3530 apparata]
642 3464 793 3528 apparatus
818 3458 962 3513 stohendar
985 3457 1126 3512 Ausdruclr
1152 3459 1199 3512 fiir
1226 3458 1290 3525 „die
1314 3458 1485 3513 besonderon
1512 3461 1567 3515 Zu-

328 3553 511 3619 riistungen“;
529 3548 688 3617 „Persicos
708 3549 760 3615 odi,
776 3566 859 3617 puer,
878 3548 1029 3617 adparatus
1036 3552 1058 3614 “‚
1078 3547 1142 3601 Hor.
1162 3564 1243 3601 carm.
1263 3548 1285 3616 Ι,
1304 3550 1351 3616 38;
1369 3547 1456 3614 „sinc
1475 3566 1567 3619 appa-

329 3644 415 3695 rctu“
442 3640 547 3709 speisen
575 3640 643 3692 nach
661 3639 767 3692 Tacitus
792 3637 834 3690 die
860 3638 1019 3691 Germanou.
1044 3668 1080 3677 -
1103 3637 1263 3706 defluebant]
1292 3636 1342 3690 wie
1369 3653 1404 3690 an
1427 3636 1490 3691 ihm
1516 3656 1569 3694 vor

328 3728 445 3784 Schreclr
463 3728 529 3783 alles
546 3728 709 3781 schlottorte.
735 3758 769 3765 —
791 3725 920 3795 conrard]
935 3725 1133 3794 Verstarlrung3
1152 3725 1275 3780 warum?
1298 3757 1332 3765 -
1358 3725 1501 3794 iatepmm

326 3820 394 3888 erat]
421 3819 519 3886 „stand
543 3817 618 3871 nicht
642 3817 724 3884 frei“,
751 3815 803 3884 vgl.
823 3833 856 3869 zu
878 3818 893 3885 ξ
913 3818 960 3882 17;
986 3814 1269 3884 „Sindentsprossene
1287 3814 1388 3867 Worlre
1404 3816 1408 3884 l
1424 3814 1569 3887 Drlangen

327 3925 380 3963 nur
397 3908 482 3961 durch
501 3906 611 3961 Sinden
630 3906 710 3960 Kraft
727 3906 780 3958 und
799 3905 922 3973 scarras,
947 3903 1202 3972 Shahespeare‚
1228 3903 1354 3958 Macheth
1371 3903 1428 3970 ΠΙ,
1450 3906 1477 3959 2.
1516 3907 1569 3961 In·

327 4005 431 4067 tgr-am
449 4003 506 4051 erat
524 3996 574 4049 mit
591 3995 792 4049 konselrutivem
809 4000 848 4048 at.

399 4142 477 4209 Κεφ.
503 4140 555 4197 22.
595 4152 635 4195 63.
661 4137 847 4207 Hyimqmais]
872 4136 1036 4207 llplbopora
1054 4162 1085 4181 =
1106 4136 1280 4206 Hjtbdgoria',
1305 4140 1333 4190 οἱ
1351 4142 1569 4213 Πυθαγορεΐοις

328 4230 396 4283 iiber
409 4229 467 4283 ihre
477 4228 617 4282 Verbande
631 4243 652 4281 s.
667 4243 690 4280 o.
705 4227 752 4294 IV,
767 4229 798 4293 23
812 4226 855 4279 dic
864 4225 1016 4294 Erzahlung
1030 4225 1096 4278 wird
1110 4225 1178 4278 auch
1192 4226 1220 4276 in
1234 4224 1277 4278 die
1292 4224 1350 4279 Zeit
1363 4225 1411 4278 des
1424 4225 1570 4297 jiingeron

326 4318 429 4386 Dionys
443 4318 507 4371 oder
518 4318 565 4371 des
577 4316 697 4371 Phalaris
710 4315 827 4384 verlegt;
843 4316 969 4383 „Damon
979 4315 1033 4367 und
1046 4314 1188 4368 Phintias“
1198 4314 1271 4368 hatte
1284 4312 1398 4367 Schillor
1409 4320 1569 4388 ursprhng.

327 4407 383 4460 lioh
396 4407 471 4460 scine
485 4406 691 4475 „Biirgsohaft“
705 4404 817 4473 betitelt,
836 4406 883 4457 fiir
895 4405 1000 4459 Damon
1013 4406 1098 4458 setzte
1113 4420 1143 4457 er
1156 4403 1225 4457 nach
1239 4403 1315 4458 einer
1328 4402 1448 4457 anderen
1464 4405 1569 4478 (Hygi-

326 4497 388 4562 nus)
406 4485 614 4564 Dberlielemng
631 4495 728 4550 Mbros.
747 4526 781 4534 -
799 4495 894 4547 comm
911 4494 1019 4563 morlia]
1039 4493 1092 4562 vgl.
1108 4494 1142 4547 do
1155 4493 1205 4546 fin.
1219 4492 1256 4558 ΙΙ,
1272 4494 1318 4549 79;
1338 4492 1463 4560 „Vadem
1483 4497 1513 4551 te
1534 4498 1570 4553 ad

324 4586 439 4638 mortem
457 4586 572 4653 tyranm
590 4583 665 4637 dabis
683 4600 730 4653 pro
749 4583 841 4652 amico,
860 4584 891 4637 ut
905 4583 1084 4652 Pythagoreus
1102 4581 1147 4636 ille
1166 4580 1255 4636 Siculo
1272 4580 1339 4635 tecit
1355 4582 1510 4650 tyrauno“.
1531 4618 1571 4629 ..
