3642 5225
332 527 384 588 112
727 525 937 580 Tusculanarum
954 525 1161 594 disputationum

444 691 513 757 Odi
535 690 752 767 hominem,
774 690 900 753 iratus
924 707 1049 772 pugno
1072 687 1318 769 neolongiua
1343 687 1566 769 quicquam

443 798 582 875 Nobis,
611 816 730 879 quam
759 796 925 861 dextrae
954 795 1136 878 gladium
1165 795 1255 859 dum
1284 795 1567 860 accommodet

1241 902 1365 976 alter;

443 1010 580 1093 Usque
604 1010 701 1075 adeo
725 1009 861 1074 studio
885 1011 1008 1090 atque
1032 1009 1121 1072 odio
1144 1009 1263 1073 illius
1287 1008 1446 1072 ecferor
1469 1009 1541 1071 ira.

277 1123 323 1184 2²
421 1138 465 1202 At
503 1136 570 1200 sine
605 1137 666 1200 hac
700 1135 889 1217 gladiatoria
926 1134 1090 1198 iracundia
1124 1133 1267 1198 videmus
1306 1133 1565 1216 progredientem

290 1211 418 1327 ⁴⁹apud
440 1243 617 1307 Homerum
639 1243 768 1306 Aiacem
791 1242 896 1305 multa
919 1261 992 1306 cum
1016 1241 1192 1317 hilaritate,
1223 1260 1295 1304 oum
1320 1240 1565 1323 depugnaturus

333 1352 419 1414 esset
449 1369 523 1414 cum
545 1349 700 1424 Hectore3
732 1349 837 1427 cuius,
867 1350 904 1412 ut
928 1367 1017 1412 arma
1046 1348 1198 1430 sumpsit,
1227 1348 1381 1429 ingressio
1404 1348 1567 1410 laetitiam

333 1457 444 1521 attulit
467 1457 568 1532 sociis,
590 1458 744 1520 terrorem
769 1459 876 1519 autem
892 1456 1046 1529 hostibus,
1070 1457 1107 1519 ut
1127 1456 1232 1538 ipsum
1248 1454 1428 1530 Hectorem,
1453 1474 1569 1534 quem-

334 1564 506 1628 admodum
541 1566 591 1627 est
625 1563 709 1646 apud
739 1562 932 1639 Homerum,
967 1564 1033 1626 toto
1067 1565 1192 1643 pectore
1227 1563 1418 1625 trementem
1452 1579 1569 1643 provo-

334 1688 423 1734 casse
452 1669 493 1733 ad
516 1688 657 1752 pugnam
680 1669 866 1752 paeniteret.
911 1669 1017 1748 Atque
1041 1668 1074 1731 hi
1097 1668 1255 1732 conlocuti
1276 1669 1360 1732 inter
1385 1686 1431 1745 se,
1460 1667 1568 1750 prius-

335 1794 433 1858 quam
454 1795 586 1839 manum
609 1784 824 1852 consererent,
854 1775 970 1839 leniter
994 1777 1026 1839 et
1050 1775 1156 1856 quiete
1179 1775 1259 1838 nihil
1282 1795 1321 1838 ne
1344 1775 1378 1838 in
1400 1774 1470 1858 ipsa
1495 1775 1569 1855 qui-

334 1883 407 1946 dem
430 1902 538 1965 pugna
560 1881 710 1947 iracunde
736 1883 898 1946 rabioseve
922 1881 1074 1946 fecerunt.
1120 1882 1187 1963 Hgo
1210 1901 1249 1946 ue
1273 1882 1470 1963 Torquatum
1495 1882 1568 1963 qui-

335 1989 408 2055 dem
430 1990 531 2067 illum,
556 1990 611 2072 qui
633 1990 693 2054 hoc
716 2008 888 2070 cognomen
913 1991 1042 2066 iurauit,
1065 1990 1184 2053 iratum
1213 1989 1358 2053 existimo
1384 1988 1476 2054 Gallo
1500 1992 1567 2052 tor·

336 2115 432 2176 quem
467 2097 656 2173 detraxisse,
688 2115 748 2161 nec
779 2096 969 2160 Marcellum
1004 2097 1088 2178 apud
1121 2096 1311 2160 Clastidium
1345 2097 1415 2160 ideo
1449 2095 1568 2160 fortem

290 2203 449 2281 soluisse,
480 2204 555 2285 quia
581 2202 678 2267 fuerit
703 2204 814 2266 iratus.
860 2203 908 2266 De
932 2203 1078 2267 Africano
1108 2203 1249 2284 quidem,
1281 2205 1356 2285 quia
1384 2205 1487 2267 notior
1516 2207 1568 2267 est

335 2311 425 2374 nohis
449 2312 576 2393 propter
603 2311 764 2374 recentem
790 2298 993 2386 memoriam,
1023 2310 1074 2374 vel
1096 2311 1201 2374 iurare
1224 2329 1354 2393 possum
1382 2329 1445 2373 non
1472 2310 1568 2375 illum

335 2417 499 2481 iracundia
533 2419 604 2481 tum
637 2416 873 2481 inflammatum
903 2416 1016 2494 fuisse,
1052 2436 1125 2481 oum
1156 2417 1189 2481 in
1222 2419 1288 2482 acie
1319 2418 1362 2482 hl.
1392 2418 1568 2482 Allienium

326 2513 524 2606 'Paelignum
553 2526 642 2589 scuto
666 2525 839 2606 protexerit
867 2524 1073 2605 gladiumque
1104 2525 1190 2589 hosti
1216 2525 1249 2589 in
1278 2528 1391 2608 pectus
1419 2525 1568 2592 infixerit.

336 2632 384 2695 lle
406 2632 441 2694 L.
465 2632 567 2696 Bruto
595 2632 729 2696 fortasse
758 2632 944 2709 dubitarim,
974 2651 1015 2695 an
1043 2636 1171 2714 propter
1193 2632 1353 2696 infinitum
1384 2632 1492 2697 odium
1516 2635 1568 2716 ty-

336 2825 404 2878 dazu
421 2829 525 2891 status;
544 2823 621 2877 stelle
634 2824 696 2891 furi
712 2824 745 2878 ia
761 2825 897 2879 stomacho
916 2842 949 2879 uo
960 2825 1145 2895 pulmonibus.
1166 2857 1198 2865 —
1218 2842 1266 2880 nec
1280 2826 1389 2895 longius
1407 2825 1566 2895 quicquam]

337 2930 388 2981 „es
405 2913 492 2967 wahrt
513 2914 560 2965 fiir
582 2912 655 2965 mich
677 2912 765 2967 nichts
789 2912 882 2982 langor
906 2913 976 2981 als“,
1003 2913 1067 2981 „ich
1090 2914 1161 2968 lramr
1184 2930 1213 2969 es
1235 2913 1311 2968 nicht
1333 2917 1465 2969 erwarten
1489 2915 1567 2984 bis“;

333 3002 438 3057 darach
456 3001 492 3055 ist
509 3002 578 3056 auch
596 3002 708 3071 lorcyum
724 3008 763 3057 est
781 3002 900 3072 (longius
919 3006 966 3072 est)
985 3003 1166 3058 aufnufassen.

408 3128 486 3197 Kap.
506 3129 558 3184 22.
596 3140 638 3183 aa.
664 3128 823 3198 Homerum]
842 3128 874 3183 Η.
896 3129 960 3196 VH,
984 3130 1075 3184 211st
1102 3161 1136 3169 -
1160 3129 1374 3198 depugnaturos]
1400 3145 1483 3196 „zum
1501 3128 1568 3181 Hnt-

333 3217 618 3287 scheidungslrampi“,
633 3217 684 3271 wie
697 3218 879 3271 decertaturus
893 3218 980 3287 (Nep,
995 3218 1085 3272 Them.
1100 3220 1135 3287 4).
1155 3254 1190 3264 -
1208 3223 1260 3272 toto
1269 3218 1384 3287 pectore]
1399 3216 1452 3286 vgl.
1467 3218 1503 3287 H,
1518 3219 1567 3283 583

338 3309 465 3373 „amatur
482 3308 537 3361 toto
555 3310 676 3376 pectore,
701 3309 732 3360 ut
749 3307 868 3361 dicitur“
887 3308 931 3377 (de
949 3307 999 3376 leg.
1018 3307 1047 3374 I,
1072 3309 1125 3375 49).
1152 3338 1186 3347 -
1215 3308 1387 3377 larquatum]
1406 3307 1433 3361 Τ.
1452 3306 1569 3361 Manlius

337 3396 492 3465 Torquatus,
511 3396 560 3449 der
577 3396 664 3450 einem
683 3396 819 3465 besiegten
838 3396 938 3450 Gallier
956 3397 998 3450 die
1016 3397 1155 3451 Halslrette
1174 3397 1298 3466 (torquis)
1317 3396 1447 3462 abnahm3
1466 3395 1567 3449 defin.

338 3484 380 3551 H,
406 3485 454 3539 73:
480 3482 530 3549 „Si
549 3484 690 3553 voluptatis
714 3501 794 3539 causa
812 3485 882 3554 (hier
904 3486 1028 3555 voluptas
1051 3486 1205 3555 geleugnet,
1230 3486 1282 3540 wie
1300 3485 1328 3539 in
1347 3486 1399 3539 den
1417 3486 1492 3540 Taso.
1512 3485 1568 3549 iro)

338 3588 400 3625 cum
425 3570 500 3625 Gallo
528 3573 597 3640 apud
622 3572 754 3626 Anienem
782 3576 842 3643 (361
869 3591 894 3627 v.
921 3574 994 3643 Chr.)
1022 3575 1183 3644 depugnavit
1206 3577 1366 3645 provocatus
1394 3577 1422 3629 ot
1449 3591 1484 3628 ex
1512 3574 1569 3628 eius

336 3659 429 3729 spoliis
447 3660 498 3713 sibi
521 3663 548 3713 et
565 3663 688 3730 torquem
711 3664 738 3715 et
756 3678 904 3731 cognomen
921 3664 1009 3718 induit
1026 3664 1109 3718 ullam
1131 3664 1211 3718 aliam
1229 3665 1262 3718 ob
1281 3680 1402 3731 causam,
1428 3664 1481 3718 nisi
1499 3665 1570 3733 quod

337 3749 365 3802 ei
389 3748 453 3802 talia
476 3749 549 3803 facta
572 3749 653 3817 digna
676 3750 733 3805 viro
758 3751 931 3820 videbantur,
956 3753 1055 3807 fortem
1079 3767 1133 3807 non
1158 3756 1243 3822 puto“
1262 3755 1331 3823 (sagt
1349 3752 1442 3809 Cicero
1467 3753 1495 3805 in
1520 3754 1570 3806 der

340 3837 533 3907 Widerlegung
557 3840 605 3893 der
630 3839 832 3908 epihureischen
850 3841 1067 3911 Ansehauungen
1091 3843 1138 3897 des
1163 3843 1357 3897 hefreundeten
1380 3843 1481 3911 jungen
1505 3843 1569 3896 Tor-

338 3928 453 3997 quatus).
480 3959 514 3968 -
538 3928 710 3998 Marcellam]
729 3929 872 3984 Marcellus
896 3931 1022 4001 erschlug
1045 3933 1074 3985 in
1098 3933 1160 3986 dem
1177 3933 1276 4001 Kriege
1301 3948 1386 4001 gegen
1408 3931 1450 3985 dis
1469 3929 1571 3984 Gallier

338 4018 501 4086 (aaa-222
519 4035 545 4071 v,
564 4016 637 4087 cnr.)
662 4020 745 4073 deren
769 4019 873 4075 Hibrer
890 4020 1074 4075 Viridomarus
1093 4021 1303 4090 (Virdamarus)
1327 4020 1356 4074 in
1378 4021 1426 4074 der
1444 4019 1572 4074 Sohlacht

340 4106 384 4161 bei
402 4106 557 4161 Clastidium
576 4124 619 4161 am
638 4108 676 4161 Po
700 4109 755 4161 und
772 4124 885 4177 gewann
909 4126 939 4164 so
957 4110 1000 4164 die
1018 4111 1107 4180 spoltc
1125 4111 1226 4180 opima.
1263 4110 1320 4164 Der
1337 4109 1450 4164 Dichter
1468 4109 1570 4164 N'avius

339 4194 436 4249 teierte
454 4195 512 4249 dies
529 4195 558 4248 in
577 4196 653 4250 einer
670 4197 767 4264 fabula
780 4204 928 4266 praetecta.

417 4298 457 4340 so.
476 4285 508 4338 de
520 4284 656 4353 Africano
736 4290 807 4356 eum]
826 4288 1018 4342 Konstrulrtion
1036 4288 1208 4346 abweichend
1226 4305 1279 4343 von
1297 4289 1346 4343 der
1359 4287 1570 4358 gewdhnliohen,

341 4371 406 4426 aber
423 4373 509 4427 durch
527 4375 570 4429 die
583 4375 790 4445 Voranstellung
807 4378 863 4431 und
881 4378 960 4432 weite
978 4380 1121 4447 Trennung
1139 4379 1187 4433 des
1206 4380 1296 4433 ersten
1314 4377 1402 4432 Teiles
1420 4377 1570 4445 erlrl'arlich,

341 4461 448 4517 thnlich
462 4461 550 4531 gleich
564 4464 681 4519 hernach
694 4466 819 4520 deBruto
832 4467 985 4521 dubitarim
998 4486 1036 4522 aa
1104 4500 1137 4508 —
1156 4468 1308 4522 dubitarim
1321 4468 1369 4536 aa]
1385 4467 1451 4535 „ich
1465 4467 1571 4521 mdchte

343 4550 475 4618 zweifeln,
494 4551 527 4606 ob
545 4552 642 4607 nicht“
658 4580 693 4601 =
712 4556 920 4624 „vermutlich“.
940 4588 975 4597 —
988 4562 1099 4628 propter
1116 4557 1211 4612 odiam
1229 4556 1358 4627 tgrumm']
1378 4556 1454 4610 nicht
1471 4555 1571 4611 souohl
