3642 5225
738 508 794 563 Lib.
813 509 861 576 IV,
881 526 903 563 o.
922 510 1036 566 25—27.
1453 509 1508 568 iit

274 673 374 750 citur,
404 674 442 736 ut
464 671 571 736 divina
593 672 753 749 imitetur,
784 673 926 736 humana
949 672 1055 736 omnia
1083 671 1232 737 inferiora
1254 673 1373 737 virtute
1397 672 1504 737 durat.

274 778 315 843 In
337 780 421 843 hano
443 781 481 843 tu
503 779 601 861 igitur
622 781 790 861 tamquam
812 779 845 842 in
868 798 974 857 mare,
1007 779 1091 861 quod
1115 781 1165 844 est
1186 780 1290 845 ventis
1314 779 1504 856 subieotum,

275 886 547 969 perturbationem
571 885 682 950 eadere
705 886 765 950 tibi
787 885 894 950 dixisti
918 885 1059 950 viderit.
1082 885 1165 965 Quid
1189 890 1247 965 est,
1271 886 1355 968 quod
1378 889 1504 950 tantam

276 994 468 1075 gravitatem
491 993 768 1074 constantiamque
791 993 983 1076 perturbet?
1007 1011 1048 1057 an
1070 993 1278 1076 improvisum
1301 993 1422 1075 aliquid
1446 994 1504 1056 aut

274 1101 500 1183 repentinum?
539 1099 623 1179 Quid
647 1102 752 1182 potest
775 1099 917 1164 aooidere
941 1101 1005 1164 tale
1029 1100 1067 1178 ei,
1090 1101 1142 1165 oui
1164 1101 1252 1179 nihil,
1276 1100 1361 1183 quod
1381 1100 1504 1164 homini

275 1208 399 1271 evenire
422 1207 537 1290 possit,
567 1225 631 1270 reon
654 1206 926 1287 praemeditatum
952 1205 1020 1270 sit?
1065 1207 1151 1271 Nam
1175 1207 1259 1289 quod
1287 1208 1378 1271 aiunt
1403 1207 1503 1272 nimia

274 1315 411 1378 resecari
434 1316 594 1397 oportere,
616 1313 776 1377 naturalia
798 1313 949 1396 relinqui,
973 1314 1050 1395 quid
1072 1313 1204 1378 tandem
1225 1315 1332 1396 potest
1355 1332 1424 1378 esse
1446 1332 1503 1378 na-

274 1422 395 1499 turale,
426 1422 511 1503 quod
539 1421 625 1486 idem
651 1421 788 1484 nimium
816 1440 885 1486 esse
908 1421 1035 1504 possit?
1083 1420 1167 1485 Sunt
1194 1420 1279 1485 enim
1307 1421 1413 1484 omnia
1439 1421 1503 1486 ista

274 1547 313 1592 ex
336 1547 479 1593 errorum
502 1530 572 1592 orta
594 1527 768 1605 radioibus,
799 1546 881 1610 quae
905 1527 1069 1592 evellenda
1092 1530 1125 1592 et
1147 1525 1342 1592 extrahenda
1365 1527 1503 1610 penitus,

274 1655 338 1700 non
362 1635 615 1701 oiroumeidenda
637 1653 696 1699 neo
719 1635 916 1718 amputanda
939 1637 1024 1699 sunt.

366 1742 429 1807 Sed
453 1743 604 1822 qnoniam
632 1742 776 1824 suspicor
797 1744 831 1807 te
858 1745 1013 1807 nontam
1041 1742 1079 1806 de
1108 1742 1250 1826 sapiente
1275 1759 1373 1823 quam
1400 1739 1439 1804 de
1470 1727 1555 1859 τθὲξ

274 1849 345 1932 ipso
369 1867 520 1930 quaerere
544 1847 649 1930 (illum
673 1849 757 1912 enim
780 1851 875 1930 putas
899 1848 985 1912 omni
1008 1850 1243 1931 perturbatione
1268 1866 1337 1913 esse
1355 1848 1502 1924 liberum,

274 1955 393 2035 teris),
416 1955 590 2032 videamus,
615 1957 735 2038 quanta
758 1956 831 2033 sint,
855 1974 937 2037 quae
960 1975 982 2019 o
999 1956 1197 2039 philosophia
1220 1955 1361 2020 remedia
1384 1955 1502 2019 morbis

274 2062 455 2126 animorum
483 2062 704 2126 adhibeantur.
749 2063 809 2127 Est
836 2062 921 2127 enim
946 2061 1104 2144 quaedam
1130 2062 1287 2127 medioina
1315 2063 1415 2139 oerte,
1444 2080 1504 2126 neo

274 2171 344 2233 tam
366 2168 429 2232 fuit
450 2169 617 2233 hominum
641 2169 749 2250 generi
775 2168 900 2233 infensa
929 2171 1026 2251 atque
1053 2169 1182 2232 inimioa
1210 2171 1342 2246 natura,
1371 2171 1408 2231 ut
1437 2187 1505 2233 oor·

275 2276 405 2358 poribus
427 2278 478 2340 tot
499 2295 551 2340 res
575 2276 741 2354 salutares,
765 2276 880 2340 animis
903 2275 1028 2340 nullam
1050 2275 1222 2347 invenerit;
1246 2274 1420 2357 dequibus
1442 2275 1503 2340 hoo

274 2383 373 2447 etiam
401 2387 451 2448 est
480 2384 595 2448 merita
624 2384 755 2461 melius,
786 2383 871 2465 quod
901 2402 1067 2466 oorpornm
1097 2382 1281 2447 adiumenta
1312 2381 1503 2462 adhibentur

274 2491 485 2568 extrinsecus,
514 2491 693 2555 animorum
723 2490 810 2554 salus
840 2489 965 2555 inolusa
993 2491 1027 2553 in
1054 2489 1105 2554 his
1134 2489 1212 2572 ipsis
1243 2492 1301 2554 est.
1348 2488 1411 2554 Sed
1441 2507 1503 2570 quo

274 2597 376 2661 maior
403 2598 453 2661 ast
479 2597 513 2661 in
536 2598 582 2661 eis
604 2597 803 2682 praestantia
830 2600 863 2662 et
885 2596 1035 2675 divinior,
1065 2616 1101 2662 eo
1124 2598 1243 2662 maiore
1266 2595 1410 2679 indigent
1433 2595 1504 2660 dili-

274 2704 392 2786 gentia.
443 2703 559 2786 Itaque
593 2706 673 2769 bene
708 2704 851 2769 adhibita
883 2705 965 2769 ratio
996 2705 1113 2782 oernit,
1149 2704 1224 2786 quid
1259 2704 1415 2787 optimum
1451 2704 1502 2781 sit,

346 2933 400 2987 tibi
415 2933 526 3003 abuti]
546 2933 663 2989 Hiermit
675 2935 757 3004 greift
771 2934 864 2991 cicero
882 2936 930 2990 aui
947 2934 989 2989 die
1003 2932 1308 3003 Ausgangsthesis
1327 2933 1427 2987 zuriielr
1441 2933 1503 3002 (IH,

274 3025 306 3091 73
323 3023 373 3091 IV,
392 3025 427 3093 8).
461 3023 511 3078 Die
524 3024 600 3077 imru
614 3023 678 3091 rita,
697 3024 741 3078 die
758 3040 811 3077 nur
823 3025 873 3079 der
884 3024 996 3094 eapr'eno
1012 3024 1115 3091 besitzt,
1133 3024 1199 3077 wird
1213 3024 1254 3077 ort
1266 3023 1316 3076 mit
1329 3024 1378 3076 der
1391 3022 1504 3091 ruhigen

274 3111 327 3166 See
345 3112 506 3181 vergliohen.
526 3145 560 3153 -
578 3113 681 3183 nimio]
700 3113 751 3167 Die
765 3113 869 3167 Stoilrer
886 3130 982 3183 sagon:
1001 3113 1061 3168 Allo
1075 3113 1218 3182 bugenden
1236 3112 1296 3166 sind
1310 3112 1429 3165 dauemd
1448 3111 1503 3163 und

272 3200 370 3269 gleieh,
390 3201 488 3256 ebenso
506 3202 566 3255 sind
584 3201 636 3256 alle
654 3203 749 3256 Laster
766 3202 867 3271 gleioh3
890 3219 946 3257 wer
962 3203 1000 3256 im
1017 3202 1124 3257 Besitze
1142 3202 1192 3256 der
1208 3201 1320 3255 iustitio
1337 3201 1373 3254 ist
1390 3200 1446 3253 und
1464 3200 1504 3254 sie

274 3306 328 3342 nur
346 3289 443 3345 einmal
462 3290 585 3360 beteugt,
603 3290 804 3345 untersoheidet
821 3292 880 3346 sioh
896 3292 972 3346 nieht
989 3307 1042 3346 von
1060 3291 1130 3359 dem,
1149 3291 1197 3345 der
1214 3290 1253 3345 sie
1272 3288 1438 3344 tausendmal
1457 3288 1503 3343 be-

274 3378 353 3447 tetigt
370 3379 433 3448 (vgl.
452 3380 552 3434 defin.
571 3380 621 3448 111,
640 3382 774 3449 46-48).
794 3412 828 3421 -
850 3381 992 3435 radicibus
1072 3381 1213 3449 evellendo]
1232 3380 1287 3433 Das
1305 3378 1367 3433 Bild
1384 3394 1437 3432 von
1456 3378 1504 3431 der

274 3467 360 3521 Zuoht
382 3469 429 3522 des
447 3468 564 3523 Baumes
581 3469 647 3523 wind
665 3469 867 3539 durohgefiihrt
904 3470 1011 3538 Cicero,
1038 3471 1085 3524 aui
1102 3471 1165 3524 dem
1182 3470 1272 3523 Lande
1290 3467 1503 3537 ausgewaohsen,

274 3556 405 3611 sohildert
429 3557 479 3611 mit
496 3558 621 3613 Vorliebe
639 3558 682 3614 die
701 3560 824 3613 Frenden
842 3560 890 3614 des
907 3559 1075 3614 Landlebens
1094 3562 1134 3629 (so
1151 3560 1189 3612 im
1207 3558 1294 3627 „Cato
1313 3556 1430 3624 Maior“)
1448 3556 1504 3609 und

276 3645 392 3699 verleiht
408 3646 494 3700 durch
507 3647 599 3701 Bilder
616 3663 664 3702 aus
682 3648 753 3702 allen
766 3648 856 3703 leilen
874 3649 1015 3704 desselben
1034 3649 1123 3704 seiher
1139 3646 1372 3717 philosophisohen
1386 3644 1503 3714 Spraohe

274 3734 417 3803 plastisohe
435 3719 677 3792 huschauliehlreit.

299 3903 456 3953 marsus
475 3905 651 3967 Verwertung
669 3906 717 3954 der
733 3904 962 3963 philorophuohen
979 3904 1190 3966 Erbrterurgen:
1209 3904 1251 3952 die
1269 3900 1475 3952 Heilmethoden

795 3990 841 4059 (ii
859 3990 986 4056 58-82l

347 4093 424 4163 Καρ.
445 4096 496 4153 27.
536 4108 577 4152 ee.
602 4100 626 4149 re
643 4095 695 4165 orb]
716 4095 806 4150 Damit
824 4096 891 4149 wird
908 4112 962 4150 von
980 4096 1029 4150 der
1045 4094 1137 4150 Thesis
1156 4095 1339 4162 abgegangen,
1362 4107 1417 4145 was
1435 4092 1450 4160 5
1468 4092 1503 4146 59

274 4181 324 4235 mit
346 4183 465 4238 rimulas
488 4184 623 4239 motiviert
646 4185 725 4253 wind3
751 4185 831 4239 dafiir
854 4185 920 4238 wird
942 4186 991 4240 der
1009 4184 1133 4239 (ledanlre
1158 4183 1206 4237 der
1224 4181 1377 4250 Einleitung
1399 4180 1428 4233 in
1451 4179 1504 4233 den

274 4271 465 4342 Vordergrund
483 4274 600 4343 geriiolrt.
627 4306 661 4315 -
685 4291 704 4328 o
718 4274 895 4344 philosophia
916 4274 1046 4343 remedio]
1065 4271 1216 4328 Heilmittel
1238 4272 1286 4324 fiir
1309 4270 1361 4325 alle
1379 4268 1504 4337 Aiielrte3

273 4361 323 4414 der
345 4362 488 4416 Absohnitt
512 4364 529 4431 5
554 4365 669 4420 fre-82
693 4363 841 4433 entsprioht
864 4364 918 4418 den
940 4364 1138 4432 Trostgn‘inden
1162 4360 1206 4415 bei
1229 4361 1278 4415 der
1301 4359 1440 4428 beatitudo
1466 4358 1505 4411 im

274 4452 300 4506 3.
318 4450 428 4519 Buche,
446 4454 462 4521 5
480 4453 553 4508 boii.
590 4452 627 4506 Es
645 4454 753 4507 werden
771 4453 813 4506 die
831 4452 1106 4507 Heilmethoden
1124 4449 1298 4519 (eormrbnee)
1317 4449 1438 4517 gepriiit:
1464 4446 1504 4501 Ob

272 4539 329 4594 die
348 4539 472 4607 Quelle
490 4542 551 4597 der
564 4542 809 4612 perturbatio,
828 4542 861 4596 ob
879 4542 931 4597 die
946 4540 1237 4612 perturbatiora
1254 4538 1345 4608 sioh,
1365 4537 1428 4591 wie
1446 4535 1504 4589 dio
