3642 5225
288 481 326 553 84
686 480 894 536 Tusculanarum
912 481 1119 552 disputationum

249 648 380 717 satanto
403 664 496 730 opere
519 644 696 709 laudatum.
743 643 806 709 Sed
830 644 919 727 quia,
942 664 1001 710 nee
1025 646 1080 728 qui
1101 647 1232 729 propter
1253 647 1379 711 metum
1400 648 1525 731 praesi-

290 754 380 819 dium
401 752 547 834 reliquit,
570 751 656 833 quod
679 753 730 816 est
751 751 910 833 ignaviae,
933 771 992 817 nee
1015 752 1070 835 qui
1092 754 1222 836 propter
1246 753 1414 818 avaritiam
1436 755 1524 821 olam

290 860 470 944 depositum
484 877 550 923 non
564 857 711 936 reddidit,
731 858 815 940 quod
831 860 881 923 est
895 859 1081 937 iniustitiae,
1104 878 1162 924 nee
1179 859 1234 941 qui
1249 861 1378 944 propter
1392 862 1524 926 temeri-

289 970 392 1033 tatem
414 967 498 1032 male
521 984 590 1030 rem
613 965 725 1048 gessit,
749 965 834 1047 quod
857 969 907 1030 est
930 966 1100 1044 stultitiae,
1123 965 1232 1048 frugi
1256 966 1408 1050 appellari
1430 969 1524 1048 solet,

290 1093 326 1140 eo
355 1076 421 1140 tres
450 1075 603 1150 virtutes,
632 1071 868 1150 fortitudinem,
897 1073 1071 1151 iustitiam,
1101 1072 1319 1156 prudentiam,
1350 1073 1522 1156 frugalitas

289 1183 452 1265 complexa
474 1183 525 1247 est
540 1181 615 1266 (etsi
629 1181 689 1245 hoe
705 1179 835 1262 quidem
857 1199 1025 1245 eommune
1041 1183 1091 1245 est
1106 1181 1281 1256 virtutum
1304 1199 1414 1247 omnes
1434 1182 1522 1248 enim

288 1289 373 1354 inter
396 1307 430 1354 se
453 1306 552 1354 nexae
576 1290 609 1353 et
630 1288 760 1370 iugatae
784 1286 890 1371 sunt);
920 1288 1044 1370 reliqua
1066 1288 1165 1370 igitur
1188 1290 1254 1366 est,
1277 1289 1393 1370 quarta
1415 1289 1522 1354 virtus

287 1398 327 1461 ut
354 1396 412 1473 sit,
439 1396 510 1479 ipsa
532 1394 711 1478 frugalitas.
756 1394 835 1459 llius
863 1395 948 1459 enim
971 1395 1098 1460 videtur
1126 1414 1195 1461 esse
1218 1395 1382 1479 preprium
1411 1398 1523 1462 motus
1634 1408 1638 1417 '

289 1503 388 1568 animi
410 1503 589 1587 appetentis
612 1521 722 1585 regere
746 1503 779 1567 et
801 1501 911 1567 sedare
936 1521 1125 1586 semperque
1149 1502 1373 1568 adversantem
1395 1502 1522 1568 libidini

287 1609 488 1675 moderatam
502 1610 536 1674 in
559 1610 645 1674 omni
667 1628 701 1673 re
725 1627 851 1673 servare
872 1609 1101 1686 constantiam
1126 1609 1178 1674 eui
1193 1609 1389 1674 eontrarium
1403 1608 1521 1674 vitium
1640 1660 1643 1673 .

247 1717 479 1799 ranequitia
502 1716 626 1780 dieitur.
664 1715 921 1798 Frugalitas,
945 1718 983 1780 ut
1006 1717 1125 1799 opinor,
1149 1734 1168 1781 a
1190 1716 1326 1799 fruge,
1350 1734 1415 1799 qua
1437 1716 1521 1781 nihil

287 1823 403 1888 mehus
432 1842 449 1887 e
477 1825 580 1900 terra,
609 1822 797 1905 nequitia
824 1823 863 1887 ab
892 1841 928 1887 eo
957 1823 1031 1907 (etsi
1059 1823 1120 1888 erit
1146 1823 1206 1888 hoe
1233 1822 1369 1888 fortasse
1397 1821 1521 1902 durius,

287 1929 344 1995 sed
367 1932 580 2013 temptemus;
609 1930 725 1994 lusisse
747 1931 913 2013 putemur,
943 1931 971 1994 si
998 1930 1079 1994 nihil
1106 1931 1161 2013 sit)
1186 1931 1225 1994 ab
1256 1949 1308 2008 eo,
1339 1929 1423 2012 quod
1449 1948 1520 1994 ne-

288 2037 483 2120 quiquam
506 2039 557 2103 est
578 2037 612 2101 in
634 2037 692 2101 tali
714 2036 858 2115 homine,
882 2055 919 2101 ex
943 2056 1005 2119 quo
1028 2036 1113 2102 idem
1136 2037 1260 2101 nihili
1282 2036 1407 2102 dieitur.
1453 2034 1520 2115 Qui

287 2145 330 2209 sit
352 2144 437 2227 frugi
459 2145 559 2228 igitur
580 2145 647 2222 vel,
676 2145 704 2209 si
726 2144 843 2222 maris,
871 2143 1057 2208 moderatus
1081 2145 1115 2209 et
1136 2147 1334 2228 temperans,
1365 2162 1439 2209 eum
1460 2162 1522 2208 ne-

286 2270 374 2317 eesse
405 2253 455 2316 est
485 2270 553 2316 esse
583 2252 799 2325 constantem
835 2251 890 2332 qui
923 2252 1031 2315 autem
1061 2253 1226 2329 oonstans,
1262 2250 1425 2333 quietum
1461 2250 1519 2332 qui

286 2358 430 2440 quietus,
452 2357 691 2441 perturbatione
715 2357 801 2421 omui
823 2375 976 2434 vaenum,
1000 2376 1074 2441 erge
1099 2359 1197 2423 etiam
1220 2356 1427 2440 aegritudine.
1472 2356 1520 2422 Et

286 2467 363 2530 sunt
384 2465 441 2529 illa
464 2464 633 2548 sapientis;
657 2463 759 2528 aberit
781 2463 879 2547 igitur
902 2481 922 2528 a
945 2465 1088 2548 sapiente
1112 2465 1287 2547 aegritudo.

254 2580 276 2643 9
373 2572 489 2655 Itaque
512 2591 575 2637 non
597 2572 710 2637 inseite
726 2571 931 2638 Heracleotes
947 2571 1120 2655 Dionysius
1145 2572 1185 2637 ad
1202 2591 1239 2638 ea
1255 2571 1407 2657 disputat,
1431 2589 1517 2655 quae

277 2679 371 2783 apud
394 2679 572 2744 Homerum
593 2679 733 2744 hohilles
757 2681 902 2761 queritur
925 2680 993 2757 hoe,
1016 2682 1054 2744 ut
1077 2680 1195 2763 opinor,
1217 2680 1330 2745 modo:

284 2835 497 2842 -Ψ

361 2938 399 2979 ιτ.
416 2924 599 2995 prmaeium]
624 2925 778 2994 „Posten“.
808 2957 841 2966 —
869 2926 942 2980 olem
966 2926 1127 2996 depoaa'tum]
1151 2926 1221 2981 ohne
1240 2927 1355 2996 Zeugen·
1373 2926 1439 2980 oder
1460 2926 1516 2982 Be·

284 3014 460 3084 soheinigung
477 3013 630 3083 hinterlogt,
649 3015 794 3083 deponiert

361 3117 399 3161 ιε.
417 3104 543 3173 nequitae
622 3104 799 3174 nequequam]
825 3104 880 3158 Das
904 3103 1158 3173 thmologisieren,
1185 3104 1229 3158 ein
1248 3103 1442 3173 Steohenpferd
1465 3104 1517 3158 der

283 3193 395 3261 sumar,
414 3193 449 3248 ist
467 3193 602 3248 vielleieht
620 3193 688 3248 aueh
707 3193 767 3247 eine
781 3193 1025 3248 Aufmerksamheit
1038 3193 1146 3250 Ciceros
1163 3193 1317 3263 geganiiber
1334 3194 1387 3247 den
1400 3192 1514 3247 Studien

283 3284 372 3337 seinos
389 3283 527 3337 Hreundes
545 3284 646 3351 Varro,
665 3283 714 3336 der
730 3282 759 3335 in
777 3282 870 3337 seinen
888 3282 1015 3337 Biiohern
1032 3283 1064 3337 de
1082 3283 1179 3352 linque
1197 3282 1288 3336 latine
1306 3281 1368 3351 (vgl.
1383 3281 1419 3350 X,
1430 3284 1456 3351 5,
1465 3283 1514 3351 81)

282 3372 406 3427 ahnliohe
419 3371 584 3441 Spielereien
602 3374 676 3426 ernst
693 3374 818 3440 vertragt
854 3372 981 3441 Nequam
998 3372 1049 3427 soll
1067 3388 1121 3426 von
1139 3389 1173 3425 ne
1195 3372 1251 3425 und
1269 3388 1353 3441 quem
1378 3372 1462 3442 (Hem.
1477 3388 1512 3426 zu

282 3460 355 3529 pair)
373 3460 510 3527 hommem
528 3460 653 3529 aequatae
670 3461 748 3513 fiihrt
764 3475 828 3513 man
846 3463 893 3515 auf
910 3478 1009 3530 nequeo
1028 3462 1135 3515 zurdeh.
1160 3492 1195 3501 —
1222 3460 1359 3530 eonotana]
1378 3459 1429 3514 wie
1448 3476 1512 3514 een·

281 3554 354 3603 sture
368 3548 411 3603 ein
425 3548 588 3603 verstdrhtes
604 3554 677 3603 etore
691 3549 872 3618 „feststehem
890 3549 966 3603 nieht
980 3550 1115 3617 wauhend,
1134 3550 1327 3617 sohwanhend,
1347 3548 1514 3603 zweifelhmt

281 3638 375 3704 sein“;
393 3654 422 3692 eo
440 3638 476 3691 ist
494 3637 538 3691 ein
555 3638 633 3691 leonae
644 3643 771 3691 weretune
790 3638 859 3706 „ein
876 3639 904 3692 in
919 3638 977 3693 sich
994 3640 1180 3708 gegrdndeter,
1199 3638 1315 3707 ruhiger,
1334 3639 1427 3705 tester,
1445 3637 1513 3690 hon-

281 3729 426 3798 sequentar
439 3727 587 3795 Menseh“;
605 3728 654 3781 der
671 3727 826 3782 eenetooete‘e
844 3728 899 3781 und
908 3728 1035 3797 pratitae
1053 3729 1103 3782 der
1116 3728 1216 3783 Rdmer
1233 3728 1341 3782 werden
1356 3727 1399 3781 die
1412 3724 1514 3780 Fehler

281 3816 330 3870 der
347 3816 488 3884 Grieehen,
506 3816 645 3870 medilatus
663 3817 718 3871 und
736 3817 836 3884 devitas,
856 3818 897 3871 oft
914 3816 1182 3887 gegendhergestellt.

351 3968 429 4038 Kap.
448 3969 478 4027 9.
517 3969 579 4025 181.
605 3967 661 4021 Der
678 3967 770 4023 Weise
788 3968 824 4022 ist
847 3969 917 4023 auoh
935 3968 989 4023 frei
1006 3985 1059 4023 von
1078 3969 1160 4038 Zorn,
1178 3968 1282 4023 Hitleid
1301 3969 1356 4023 und
1374 3967 1511 4024 Sohaden·

279 4058 375 4112 fraude
393 4058 448 4112 und
466 4057 536 4112 Neid
555 4058 712 4125 (moderatae
731 4058 785 4111 und
803 4058 933 4127 institae).

350 4173 408 4209 non
431 4156 539 4225 inseite]
566 4155 632 4209 aeite
656 4155 846 4225 „gesohioht“,
873 4173 931 4210 nen
948 4156 1046 4210 inseite
1070 4156 1170 4211 litotes
1198 4155 1249 4210 wie
1275 4172 1333 4209 nere
1350 4155 1453 4225 igme·
1473 4185 1510 4195 —-

280 4245 446 4299 Heracleotes
464 4244 627 4314 Dahaeysiua]
651 4260 672 4298 s.
691 4244 734 4312 Π,
753 4248 802 4312 60,
830 4245 873 4298 ein
892 4245 1008 4299 Sohdler
1026 4246 1073 4300 des
1092 4246 1178 4314 Zeno,
1205 4246 1253 4299 des
1270 4244 1442 4313 Begrdnders
1460 4242 1510 4296 der

279 4334 350 4401 Stoa,
369 4335 469 4403 wurde,
488 4334 549 4388 weil
567 4350 597 4388 er
614 4336 704 4402 spater
720 4333 821 4402 infolge
835 4334 909 4388 eines
919 4334 1117 4404 Augenleidens
1136 4351 1185 4389 zur
1198 4332 1402 4403 epilrureisohen
1416 4330 1507 4385 Philo-

278 4422 371 4493 sophia
395 4422 531 4491 iibertrat,
555 4427 778 4497 ὁμεταθέμενος
795 4426 928 4493 genannt;
956 4425 1032 4479 Tusa.
1051 4425 1092 4493 H,
1112 4425 1147 4480 26
1172 4422 1207 4477 ist
1225 4422 1359 4490 erwiihnt,
1384 4436 1415 4476 er
1437 4419 1509 4475 habe
1612 4414 1614 4418 ⁴

279 4528 361 4582 gerne
379 4511 491 4567 Dichter
509 4511 604 4565 zitiert.
624 4542 657 4551 -
676 4512 836 4583 Homerum]
854 4512 886 4567 ll.
905 4514 955 4582 IX,
976 4515 1069 4570 eles:
