3642 5225
748 511 804 567 Lib.
823 512 874 580 111,
893 529 916 566 c.
936 512 1050 568 14-15.
1477 509 1515 573 ὥ

281 675 371 742 illius
394 675 527 754 vetoris,
557 694 653 759 quem
683 675 782 740 semel
812 674 859 740 ait
880 674 915 738 in
938 674 1025 740 ononi
1046 674 1114 740 rita
1136 674 1245 741 risisse
1268 674 1428 752 Lucilius,
1458 674 1514 739 sed

281 782 460 865 tranquilla
475 784 508 847 et
524 801 652 858 sorena;
677 782 723 848 sio
738 782 823 847 enim
839 782 1029 865 accepimus.
1073 781 1148 847 Iure
1173 785 1282 848 antem
1305 783 1374 848 erat
1389 800 1515 865 semper

283 887 370 954 idem
393 890 512 968 vultus,
535 909 608 955 oum
627 889 753 968 mentis,
776 902 884 972 aqna
905 889 935 954 is
956 888 1097 973 fingitur,
1119 889 1210 954 nulla
1231 888 1323 954 fieret
1345 889 1493 954 mutatio.

376 994 481 1075 Quare
517 996 634 1080 accipio
669 996 818 1079 equidem
849 1015 869 1061 a
899 995 1142 1080 Cyrenaicis
1176 996 1256 1062 haec
1286 1014 1377 1061 arma
1405 998 1516 1062 contra

285 1121 381 1168 casus
402 1105 435 1168 et
455 1105 597 1181 eventus,
621 1103 737 1186 quibus
753 1121 863 1168 eorum
879 1102 1086 1168 advenientes
1100 1103 1242 1187 impetus
1258 1102 1411 1168 dintuma
1424 1121 1516 1188 prse-

287 1209 495 1274 meditatione
510 1208 710 1292 frangantur,
733 1209 894 1292 simulque
913 1209 1017 1274 iudico
1033 1210 1156 1275 malum
1170 1210 1251 1276 illud
1267 1209 1420 1294 opinionis
1437 1228 1516 1288 esse,

285 1335 350 1381 non
366 1318 518 1391 naturae;
542 1316 570 1381 si
593 1317 677 1382 enim
700 1317 734 1381 in
757 1335 791 1382 re
816 1318 910 1395 esset,
933 1335 991 1382 our
1005 1316 1119 1382 fierent
1132 1317 1259 1401 provisa
1273 1317 1415 1382 leviora?
1452 1316 1560 1383 Sedes

288 1426 347 1501 est,
370 1422 472 1488 isdem
496 1422 534 1489 de
558 1425 654 1489 rebus
677 1423 763 1507 quod
786 1423 849 1489 dici
875 1423 979 1508 possit
1002 1423 1165 1500 subtilius,
1189 1423 1217 1488 si
1238 1423 1327 1507 prius
1349 1423 1516 1507 Epicuri

286 1531 481 1596 sententiam
505 1530 692 1610 viderimus,
722 1529 778 1614 qui
801 1533 910 1596 censet
932 1548 1062 1595 necesse
1086 1548 1156 1595 esse
1179 1548 1289 1595 omnes
1320 1531 1354 1594 in
1377 1530 1515 1614 aegritu·

288 1636 361 1700 dine
385 1655 464 1715 esse,
488 1637 543 1720 qui
566 1656 600 1703 se
622 1638 657 1702 in
680 1637 774 1702 malis
797 1656 867 1703 esse
891 1637 1097 1715 arbitrentur,
1124 1637 1190 1702 sive
1212 1637 1270 1702 illa
1292 1639 1367 1702 ante
1389 1637 1517 1721 provisa

288 1746 323 1809 et
338 1746 521 1826 exspectata
537 1745 603 1810 sint
625 1745 691 1810 sive
714 1744 971 1809 inveteraverint.
1016 1743 1101 1810 Nam
1116 1763 1221 1828 neque
1238 1746 1398 1811 vetustate
1414 1744 1516 1809 minui

288 1849 376 1914 mala
397 1868 457 1915 noo
479 1849 548 1915 fieri
569 1851 802 1935 praemeditata
824 1851 958 1929 leviora,
981 1852 1180 1935 stultamque
1204 1853 1302 1918 etiam
1325 1870 1395 1917 esse
1418 1851 1517 1917 medi-

291 1956 448 2022 tationem
475 1956 578 2023 futuri
607 1957 684 2023 mali
713 1959 770 2023 aut
798 1956 934 2023 fortasse
963 1977 1003 2023 ne
1032 1957 1134 2023 futuri
1157 1958 1302 2042 quidem3
1337 1958 1416 2024 satis
1447 1976 1516 2023 esse

290 2063 435 2130 odiosum
463 2065 586 2130 malum
610 2083 719 2142 omns,
749 2084 824 2130 oum
846 2063 1004 2140 venisset;
1035 2065 1091 2148 qui
1114 2067 1224 2130 autem
1251 2084 1376 2148 semper
1399 2065 1518 2147 cogita-

289 2171 390 2236 visset
412 2172 554 2237 accidere
576 2190 669 2255 posse
693 2171 815 2254 aliquid
844 2170 985 2250 adversi,
1020 2171 1049 2236 ei
1078 2171 1147 2237 lieri
1177 2171 1257 2237 illud
1288 2171 1518 2255 sempiternum

290 2278 429 2353 malum;
460 2278 584 2344 sivero
607 2297 647 2343 ne
671 2277 819 2344 futurum
843 2278 974 2362 quidem
997 2278 1047 2356 sit,
1070 2277 1191 2344 frustra
1214 2278 1333 2362 suscipi
1355 2278 1517 2344 miseriam

290 2385 520 2461 voluntariam
551 2385 599 2450 ita
621 2404 747 2470 semper
770 2385 844 2469 angi
868 2387 926 2451 aut
950 2385 1130 2469 accipiendo
1154 2387 1211 2451 aut
1234 2385 1402 2468 cogitando
1424 2386 1518 2451 malo.

290 2490 495 2558 Levationem
518 2494 629 2558 antem
652 2492 862 2575 aegritudinis
884 2493 919 2556 in
942 2492 1066 2558 duabus
1089 2492 1185 2558 rebus
1208 2493 1306 2576 ponit,
1336 2493 1561 2559 avocationem

291 2618 311 2664 a
334 2599 502 2683 cogitanda
524 2600 672 2666 molestia
702 2602 735 2665 et
757 2600 957 2665 revocatione
981 2599 1021 2665 ad
1044 2599 1306 2684 contemplandas
1329 2600 1519 2684 voluptates.

290 2705 408 2772 Parere
431 2707 516 2772 enim
539 2710 649 2774 censet
662 2707 805 2772 animum
820 2707 937 2772 rationi
959 2710 1111 2792 possset,
1135 2726 1198 2791 quo
1218 2708 1275 2772 illa
1290 2707 1396 2785 ducat,
1419 2708 1519 2791 sequi

291 2812 392 2879 Vetat
425 2813 523 2898 igitur
556 2815 638 2881 ratio
668 2815 786 2881 intueri
815 2815 994 2894 molestias,
1029 2815 1187 2881 abstrahit
1216 2816 1257 2881 ab
1287 2814 1408 2881 acerbis
1436 2815 1521 2898 cogi·

291 2920 481 3000 tationibns,
515 2923 663 2988 hebetem
696 2920 776 3003 fucit
809 2922 911 2988 aciem
941 2922 982 2987 ad
1011 2922 1157 2988 miserias
1187 2921 1465 3006 contemplandam
1501 2939 1520 2986 a

292 3028 408 3111 quibus
438 3048 513 3095 oum
541 3030 656 3096 cecinit
682 3030 839 3115 receptui,
868 3029 1007 3113 impellit
1035 3048 1164 3095 rursum
1188 3031 1222 3095 et
1244 3029 1359 3094 incitat
1381 3028 1422 3094 ad
1446 3047 1521 3094 ocn-

293 3136 472 3220 spiciendas
494 3140 626 3220 totaque
649 3139 757 3202 mente
782 3136 1025 3202 contrectandas
1048 3136 1154 3201 varias
1176 3135 1374 3219 voluptates,
1404 3136 1519 3218 quibus

291 3382 376 3436 semel
394 3382 432 3437 cit
449 3383 478 3436 in
495 3383 552 3438 vita
569 3383 661 3438 risisse
679 3381 807 3449 Lucilius,
826 3398 880 3436 non
899 3380 1022 3451 contigit,
1047 3383 1078 3435 ut
1102 3397 1134 3437 ec
1151 3398 1181 3437 re
1200 3381 1288 3435 minus
1308 3384 1520 3453 ἀγέλαστος,

291 3472 323 3525 nt
340 3470 379 3524 ait
395 3470 474 3539 idem,
493 3473 664 3527 vocaretur‘t
679 3503 713 3512 -
732 3470 911 3541 abediens]
931 3472 980 3525 der
998 3470 1148 3541 Campanus
1166 3469 1298 3540 alumnus,
1316 3471 1366 3525 der
1378 3469 1522 3525 Vorltufer

292 3560 349 3614 unol
366 3576 429 3613 zum
446 3559 502 3615 Teil
520 3561 568 3615 das
586 3560 698 3616 Vorbild
716 3561 763 3617 des
781 3562 878 3629 Horas,
896 3560 1013 3631 geboren
1030 3577 1076 3615 um
1096 3562 1148 3618 180
1165 3578 1191 3615 v.
1209 3560 1281 3630 Olor,
1299 3558 1442 3631 gestorben
1459 3561 1520 3617 los.

293 3649 327 3705 Iu
349 3648 442 3705 ssinen
465 3649 575 3721 dreiisig
593 3650 719 3706 Biichern
736 3650 855 3718 Satires,
880 3667 934 3705 von
956 3651 1045 3706 denen
1068 3649 1117 3705 vvir
1138 3666 1191 3705 nur
1207 3650 1277 3705 noch
1294 3649 1456 3720 Fragments
1473 3648 1521 3704 be·

293 3739 393 3807 staec,
421 3739 563 3796 bemnoolt
591 3758 621 3796 er
645 3740 689 3795 dio
713 3740 959 3811 mannigialtigston
985 3740 1072 3796 Stoffe
1100 3741 1149 3795 des
1174 3739 1325 3810 dnmaligen
1347 3738 1462 3794 Lebens.
1487 3768 1521 3779 —

292 3844 312 3882 a
329 3830 394 3899 pao]
413 3829 464 3885 Die
488 3830 682 3901 naheliegends
699 3829 924 3886 Personifikation
947 3828 1101 3899 begiinstigt
1122 3829 1174 3884 den
1193 3828 1333 3885 Gabrauch
1356 3827 1406 3882 der
1422 3828 1522 3897 Prtpo·

293 3916 385 3987 sition3
403 3918 456 3973 den
471 3919 725 3976 Gesichtsausdruci
742 3919 782 3975 uls
800 3919 879 3975 einen
893 3918 999 3990 Spiegel
1016 3919 1065 3974 der
1078 3917 1155 3974 Seele
1174 3935 1208 3973 au
1226 3916 1383 3973 betruchten
1399 3916 1436 3971 ist
1453 3916 1523 3971 anob

294 4022 345 4063 uns
362 4006 487 4079 genutio.

367 4108 408 4152 sa.
432 4096 592 4169 mactmus]
618 4099 676 4154 sua
695 4098 738 4154 11:
764 4097 938 4167 „betrachtct
955 4097 1075 4153 huben“.
1100 4128 1135 4139 -·
1159 4113 1243 4167 aequo
1266 4098 1393 4151 mucce
1415 4093 1521 4165 minui]

293 4185 368 4243 Aber
384 4186 434 4240 der
449 4186 581 4242 Miannte
600 4186 662 4243 Sota
680 4188 728 4243 des
745 4187 859 4257 Epilnr:
879 4186 932 4257 „si
945 4185 1039 4257 (dolor)
1057 4186 1149 4257 gravis
1164 4185 1262 4253 brevis,
1280 4183 1304 4239 si
1321 4183 1416 4253 longus
1429 4182 1522 4239 levis“

293 4274 404 4344 (defin
423 4275 460 4343 11,
479 4275 524 4343 22)
542 4276 649 4332 soheint
665 4276 728 4332 dem
747 4293 782 4332 au
798 4275 1021 4345 vvidersprechen.

367 4378 408 4421 aa.
426 4365 582 4421 avocatione
600 4367 628 4436 a]
654 4365 704 4421 llic
722 4364 989 4421 Verbalsubstantiva
1010 4363 1098 4420 haben
1123 4364 1164 4419 ott
1180 4363 1380 4434 Prtpositionsn
1402 4360 1446 4417 bei
1464 4360 1524 4417 sich

295 4453 345 4509 vis
362 4453 421 4510 ilaue
439 4456 536 4512 Verba
556 4487 590 4498 -
609 4460 678 4511 catut
694 4454 783 4527 &itm
799 4454 882 4525 rotro]
900 4453 1019 4511 ntmliclr
1035 4453 1105 4510 nach
1122 4453 1230 4523 opnor.
1251 4485 1284 4495 -
1309 4451 1522 4521 contrectandus]

297 4543 449 4612 „betastcm
467 4544 628 4602 minusne.
