3642 5225
744 523 800 579 Lib.
819 524 870 592 ΠΙ,
889 541 911 579 6.
931 526 1046 581 24-25.
1477 523 1513 596 bb

393 686 582 752 Mortalis
604 705 719 751 nemo
743 689 820 764 est,
844 685 960 769 quim
983 706 1062 752 nou
1086 687 1275 770 attingat
1297 688 1413 754 dolor

394 794 659 876 Morbdsque3
683 794 830 858 multis
855 794 953 858 siut
974 793 1172 860 humandi
1193 795 1336 874 liberi,

394 901 568 965 Rursum
591 901 761 966 creandi
783 902 971 983 morsque
997 902 1061 966 esi
1082 900 1207 967 finita
1232 902 1434 981 omnibus,

395 1006 503 1086 Quae
533 1006 675 1090 generi
703 1008 877 1072 humano
913 1009 1107 1090 angorem
1135 1009 1408 1091 nequioquam
1443 1009 1512 1074 ad-

1083 1115 1232 1181 ferunt.

393 1220 612 1286 Reddenda
634 1221 773 1286 terrae
797 1223 862 1286 est
884 1220 1014 1300 terra,
1037 1223 1120 1286 tum
1141 1222 1228 1286 vita
1253 1223 1437 1288 omuibus

393 1327 583 1393 Metdnda
605 1331 650 1392 ut
673 1326 826 1410 fruges.
873 1327 941 1393 Sia
964 1329 1080 1393 iubet
1102 1328 1353 1394 Neoessitas.

280 1489 429 1573 Negabat
444 1509 544 1573 genus
567 1491 627 1555 boo
643 1490 798 1555 orationis
814 1491 989 1572 quiequam
1013 1490 1140 1556 omuino
1164 1489 1203 1554 ad
1226 1489 1395 1555 levandam
1411 1491 1535 1573 aegri-r

281 1597 425 1662 tudinem
448 1599 616 1681 pertinere.
661 1597 701 1663 Id
724 1597 811 1663 enim
834 1599 942 1682 ipsum
967 1598 1138 1662 dolendum
1162 1616 1231 1662 esse
1256 1597 1395 1675 dicebat,
1426 1598 1511 1680 quod

281 1705 315 1768 in
344 1706 414 1768 tam
442 1704 603 1768 orudelem
632 1705 861 1769 neeessitatem
890 1704 1130 1779 incidissemus3
1165 1723 1240 1769 nam
1269 1704 1359 1769 illam
1383 1705 1512 1788 quidem

283 1812 458 1874 orationem
487 1829 525 1875 ex
554 1811 854 1875 commemoratione
886 1811 1062 1875 alienorum
1084 1793 1242 1876 malorum
1275 1812 1314 1877 ad
1337 1813 1510 1879 malevolos

282 1917 488 1982 oonsolandos
512 1935 580 1981 esse
604 1917 887 1982 aooommodatam.
934 1918 1015 1982 Mihi
1037 1936 1111 1983 vero
1141 1919 1234 2001 longe
1257 1919 1385 1984 videtur
1409 1939 1510 1985 seous.

282 2023 367 2088 Nam
396 2026 428 2088 et
457 2024 630 2089 necessitas
658 2023 806 2088 ferendae
838 2023 1028 2088 oondioionis
1055 2024 1215 2089 humanae
1239 2026 1428 2107 quesitum
1451 2026 1510 2091 deo

281 2149 423 2214 pugnare
439 2131 585 2214 prohibet
600 2131 815 2213 admonetque
839 2148 909 2195 esse
932 2131 1104 2208 bominem,
1128 2149 1209 2213 quae
1226 2132 1376 2212 eogitatio
1392 2150 1509 2214 magno

281 2256 373 2321 opere
396 2239 520 2303 luotum
542 2239 642 2316 levat,
673 2239 706 2302 et
729 2237 928 2302 enumeratio
959 2238 1190 2320 exemplorum,
1219 2256 1283 2302 non
1305 2240 1344 2302 ut
1366 2239 1510 2303 animum

280 2346 508 2410 malevolorum
532 2346 677 2421 oblectet,
702 2343 856 2422 adfertur,
880 2344 936 2409 sed
959 2346 997 2408 ut
1019 2345 1081 2421 ille,
1106 2345 1162 2427 qui
1183 2347 1316 2423 maeret,
1343 2344 1510 2411 ferendum

281 2452 341 2516 sibi
363 2452 395 2516 id
419 2454 555 2530 senseat,
578 2451 662 2534 quod
678 2451 788 2516 videat
810 2452 934 2516 multos
958 2451 1122 2516 moderate
1147 2453 1180 2516 et
1194 2452 1366 2533 tranquille
1386 2452 1508 2516 tulisse.

282 2558 436 2625 Omnibus
468 2561 553 2625 euim
579 2558 682 2625 modis
717 2558 869 2624 iuloiendi
901 2561 992 2637 sunt,
1026 2558 1082 2641 qui
1114 2561 1215 2623 ruunt
1247 2577 1307 2624 neo
1341 2558 1532 2625 oohaerereo

279 2669 415 2750 possunt
436 2668 564 2750 propter
579 2665 835 2748 magnitudinem
859 2665 1078 2748 aegritudinis.
1123 2665 1172 2730 Ex
1195 2685 1258 2748 quo
1280 2666 1385 2749 ipsam
1408 2666 1510 2748 aegri-

279 2773 425 2837 tudinem
447 2772 551 2861 λύιιηι
566 2772 764 2856 Chrysippus
787 2774 879 2855 quasi
902 2774 1094 2837 solutionem
1116 2774 1216 2837 totius
1239 2773 1376 2838 hominis
1401 2774 1509 2857 appel-

279 2880 381 2945 latam
403 2881 513 2964 putat3
545 2898 626 2963 quae
649 2882 719 2945 tota
741 2880 860 2963 poterit
883 2880 977 2945 evelli
999 2880 1170 2964 explicata,
1200 2882 1238 2944 ut
1260 2880 1412 2964 principio
1435 2880 1507 2958 dixi,

280 3006 377 3051 eausa
400 2987 623 3070 aegritudiuis3
653 2990 703 3051 est
727 2988 811 3052 enim
834 2987 925 3051 nulia
955 2987 1017 3051 alia
1045 2987 1108 3050 nisi
1137 2986 1275 3071 opinio
1299 2989 1332 3051 et
1354 2986 1508 3052 iudicium

278 3292 316 3341 eei
346 3287 440 3356 finita]
473 3288 601 3361 ὥρισται,
635 3326 651 3353 „
659 3286 695 3339 ist
725 3285 877 3351 bestimmt,
909 3285 1005 3338 uertet
1036 3283 1124 3338 seiner
1151 3300 1186 3345 an
1217 3283 1305 3339 einem
1337 3284 1508 3338 bestimmten

278 3376 413 3431 Punkte“.
433 3407 467 3415 -
485 3375 558 3430 iubet
575 3374 739 3443 Necessitas]
760 3373 874 3428 beliebte
891 3372 1117 3428 Persouiiikation
1134 3373 1183 3428 der
1199 3373 1264 3427 diro
1281 3373 1434 3428 messibus.

351 3487 393 3529 so.
416 3473 567 3542 malevolos]
587 3471 843 3541 „Sebadenirobe“;
867 3471 926 3526 dass
944 3487 1007 3525 man
1025 3470 1095 3525 auoh
1112 3471 1180 3526 iiber
1197 3471 1241 3526 die
1259 3472 1382 3527 oondo'ee'o
1399 3471 1509 3526 66666άί

278 3562 352 3617 seine
371 3562 486 3617 Sohsrze
504 3561 619 3629 maohte,
637 3560 710 3615 lehrt
721 3562 810 3615 Horaz
829 3563 879 3615 sat.
892 3561 930 3629 Π,
948 3563 974 3629 8,
994 3563 1037 3618 65.
1056 3593 1090 3602 -
1109 3578 1172 3615 eune
1189 3561 1236 3615 deo
1250 3563 1384 3631 pupnore]
1404 3561 1506 3632 sprioh·

277 3651 414 3721 wbrtlioh3
439 3650 491 3721 vgl.
511 3650 566 3706 Oio.
589 3651 622 3705 de
645 3652 744 3705 seneot
763 3652 795 3706 b:
821 3650 986 3720 „Gigantum
1008 3651 1086 3705 modo
1108 3650 1209 3705 bellare
1232 3667 1295 3706 oum
1316 3650 1378 3705 dis“
1398 3652 1506 3721 (Gigan-

277 3741 409 3796 tomaohie
433 3756 495 3796 vom
513 3740 650 3795 Zeusaltar
673 3740 701 3794 in
720 3740 879 3809 Pergamum
887 3742 913 3809 1).
939 3771 973 3779 —
1000 3741 1174 3809 omoeoque
1195 3758 1251 3794 esse
1272 3740 1420 3810 bominem]
1441 3756 1505 3809 „er-

276 3831 367 3885 innert
383 3832 474 3899 daran,
494 3830 552 3885 dass
570 3846 633 3884 man
650 3829 764 3884 Mensoh
782 3828 847 3883 ist“.

349 3942 390 3984 sr.
409 3928 543 3997 subcorde*
558 3934 624 3983 sunt
703 3932 789 3982 mont
806 3944 855 3981 nee
873 3928 1021 3997 eobaorere]
1039 3926 1133 3982 Duroh
1151 3926 1224 3982 diese
1242 3926 1421 3995 Wenduugen
1438 3926 1505 3980 wind

276 4017 319 4071 die
337 4017 502 4087 Etymologie
521 4021 594 4085 λύπη
611 4032 663 4071 von
682 4021 757 4073 λύειν
774 4016 950 4085 sorbereitet3
975 4016 1028 4086 vgl.
1047 4016 1173 4086 iibrigens
1190 4015 1298 4085 fronpi,
1324 4014 1434 4082 iurare,¹
1449 4032 1506 4070 non

276 4112 405 4161 wnstore.
432 4138 466 4148 -
495 4106 674 4177 Chrysippus]
700 4106 750 4160 Die
769 4105 873 4161 Stoiker
896 4105 998 4161 liebten
1021 4106 1068 4160 das
1090 4104 1338 4175 Etymologisieren.
1364 4136 1399 4144 -
1425 4104 1504 4172 „Wie

276 4195 348 4250 beim
366 4196 483 4264 Kbrper,
507 4211 537 4249 so
554 4194 617 4249 latet
635 4194 693 4248 sich
710 4194 779 4249 auch
798 4194 841 4250 bei
858 4195 907 4249 der
924 4194 1002 4250 Sesle
1027 4195 1087 4250 eine
1105 4194 1199 4250 Stirke
1217 4196 1321 4267 (ἰσχύς,
1345 4193 1432 4270 ῥώμη)
1449 4193 1504 4246 und

276 4284 420 4339 Sohwiiohe
448 4284 600 4354 (ἀσθένεια)
628 4284 693 4338 oder
718 4285 782 4353 guis
809 4283 956 4354 Spannuug
982 4285 1114 4355 (εὐτονία)
1141 4284 1196 4338 und
1224 4280 1505 4352 Spannungslosigkeit

276 4374 410 4444 (ἀτονία),
434 4374 481 4429 (166
498 4374 535 4428 ist
551 4372 712 4442 Symmetn‘e
734 4374 790 4427 und
808 4374 1003 4443 Asymmetrie,
1028 4373 1058 4427 in
1075 4375 1128 4429 den
1146 4373 1254 4429 Sehnen
1275 4371 1503 4427 66166661161166ιι

275 4463 434 4533 (Dyroif).
470 4462 522 4518 Die
540 4462 685 4532 Ableitung
709 4463 757 4518 des
774 4462 884 4518 Wortes
905 4467 980 4532 λύπη
997 4480 1051 4518 von
1074 4468 1152 4527 λύσις
1168 4462 1256 4517 findet
1278 4461 1337 4517 sioh
1359 4460 1443 4515 sehon
1460 4459 1504 4515 bei

272 4551 351 4607 Plato
368 4552 406 4605 im
425 4552 593 4623 „Kratylos“
611 4568 637 4622 p.
656 4551 751 4621 4190,
777 4569 830 4606 nur
846 4553 919 4608 muts
937 4569 1000 4609 man
1017 4553 1077 4608 dort
1094 4552 1137 4607 die
1156 4550 1364 4621 Auistellungen
1380 4548 1456 4603 nieht
1474 4562 1504 4603 so
