3642 5225
323 502 376 565 12⁰
719 506 928 562 Trnsculanarum
947 505 1153 574 disputationum

280 668 471 750 aonegleota
492 669 604 733 multis
627 668 810 752 implicatur
832 670 1000 734 erroribus.
1041 668 1090 733 Ad
1113 672 1145 733 te
1168 669 1267 750 igitur
1289 669 1368 733 mihi
1390 671 1456 734 iam
1480 690 1560 735 con-

323 776 477 839 vertenda
500 776 602 855 omnia
626 777 725 840 oratio
749 778 815 850 est,
839 777 972 840 simulas
996 776 1082 840 euim
1105 795 1257 858 quaerere
1280 778 1313 841 te
1337 777 1375 841 de
1399 777 1559 860 sapiente,

324 882 451 963 quaeris
475 885 584 947 autem
607 882 741 948 fortasse
765 883 803 948 de
826 890 868 948 11.
934 941 937 944 ,

412 989 533 1053 Earum
548 990 646 1072 igitur
660 991 946 1074 perturbationum,
965 1008 1045 1072 quas
1061 991 1198 1073 exposui,
1222 990 1327 1054 variae
1344 992 1421 1054 sunt
1436 1010 1558 1055 cura-

323 1096 468 1161 tiones.
506 1097 592 1161 Nam
613 1115 717 1179 neque
733 1098 835 1162 omnis
859 1097 1075 1180 aegritudo
1098 1114 1163 1161 una
1178 1097 1301 1161 ratione
1318 1097 1465 1173 sedatur;
1489 1099 1558 1162 alia

324 1206 374 1268 est
397 1204 481 1268 enirn
497 1205 629 1286 lugenti,
653 1205 716 1269 alia
737 1205 904 1269 miseranti
928 1207 985 1268 aut
1007 1204 1162 1268 invidenti
1185 1202 1363 1268 adhibenda
1385 1204 1558 1269 medicina.

324 1310 384 1374 Est
414 1311 511 1375 etiam
543 1312 576 1374 in
607 1312 753 1376 omuibus
785 1314 938 1393 quattuor
969 1311 1261 1395 perturbationibus
1293 1311 1349 1374 illa
1381 1311 1558 1390 distinctio,

324 1419 436 1482 utrum
459 1418 499 1482 ad
523 1418 704 1483 universam
728 1419 1015 1502 perturbationem,
1040 1437 1120 1500 quae
1145 1419 1194 1482 est
1217 1419 1396 1501 aspernatio
1419 1419 1558 1483 rationis

325 1526 383 1589 aut
398 1525 558 1608 appetitus
574 1526 799 1602 vehementior,
823 1543 865 1589 an
885 1525 925 1589 ad
942 1525 1093 1607 singulas,
1116 1526 1154 1588 ut
1169 1525 1209 1589 ad
1224 1527 1357 1602 metum,
1379 1525 1557 1603 libidinem,

325 1632 474 1713 reliquas,
496 1632 612 1696 melius
636 1632 825 1697 adhibeatur
847 1633 964 1710 oratio,
987 1635 1020 1697 et
1042 1636 1153 1696 utrum
1176 1632 1297 1696 illudne
1321 1651 1384 1696 non
1406 1632 1560 1697 rideatur

326 1757 419 1821 aegre
435 1738 614 1816 ferundum,
638 1758 675 1803 ex
691 1758 754 1821 quo
777 1742 927 1822 suscepta
950 1741 993 1804 sit
1016 1739 1190 1822 aegritudo,
1215 1758 1255 1803 an
1279 1739 1421 1803 omnium
1444 1758 1557 1804 rerum

325 1846 467 1911 tollenda
494 1846 619 1910 omnino
648 1846 829 1927 aegritudo,
858 1851 911 1924 ut,
942 1847 1064 1928 siquis
1094 1865 1186 1927 aegre
1210 1845 1293 1911 ierat
1323 1865 1356 1911 se
1380 1865 1558 1930 pauperem

326 1971 411 2030 esse,
440 1953 513 2018 idne
537 1952 697 2036 disputes,
726 1955 949 2037 paupertatem
978 1955 1100 2018 malurn
1123 1972 1187 2018 non
1212 1971 1297 2030 esse,
1328 1971 1369 2017 an
1391 1953 1559 2018 hominem

327 2079 420 2143 aegre
443 2060 525 2125 ferre
548 2061 629 2124 nihil
651 2063 803 2144 oportere.
848 2061 1009 2126 Nimirum
1033 2062 1091 2125 boc
1114 2060 1246 2138 melius,
1274 2079 1331 2138 ne,
1361 2061 1388 2124 si
1411 2060 1492 2124 forte
1516 2060 1562 2126 de

326 2170 514 2251 paupertate
543 2187 606 2232 non
634 2169 845 2250 persuaseris,
876 2169 919 2232 sit
948 2167 1139 2250 aegritudini
1169 2167 1421 2240 concedendum
1452 2168 1561 2249 aegri·

326 2274 437 2338 tudine
468 2277 577 2340 autem
600 2275 726 2339 sublata
750 2276 883 2359 propriis
906 2276 1097 2351 rationibus,
1128 2276 1243 2358 quibus
1266 2275 1335 2340 heri
1358 2275 1410 2339 usi
1433 2293 1562 2352 sumus,

273 2361 466 2492 23111111111
488 2382 581 2447 modo
605 2383 702 2447 etiam
725 2383 924 2466 paupertatis
947 2383 1068 2448 malum
1087 2383 1220 2447 tollitur.
1260 2381 1322 2447 Sed
1346 2382 1447 2446 omnis
1472 2383 1563 2446 eius·
1639 2453 1640 2456 Ἴ

326 2489 413 2553 modi
435 2490 632 2572 perturbatio
657 2490 755 2554 animi
777 2490 955 2573 placatione
979 2490 1129 2555 abluatur
1151 2490 1208 2554 illa
1231 2489 1373 2571 quidem,
1403 2508 1478 2553 cum
1502 2488 1561 2553 do-

327 2616 398 2662 ceas
422 2617 481 2663 nec
503 2598 620 2663 bonum
644 2597 724 2662 illud
748 2617 827 2677 esse,
851 2618 889 2663 11
913 2617 974 2681 quo
997 2598 1121 2663 laetitia
1144 2600 1201 2663 aut
1223 2597 1320 2662 libido
1343 2596 1473 2674 oriatur,
1496 2616 1561 2662 nec

326 2707 464 2783 malum,
488 2725 526 2769 ex
549 2725 611 2788 quo
635 2708 692 2770 aut
714 2709 820 2771 metus
845 2710 902 2770 aut
925 2706 1108 2788 aegritudor
1138 2724 1248 2770 verum
1272 2708 1379 2769 tamen
1402 2705 1483 2768 baec
1506 2706 1564 2768 est

327 2814 415 2878 certa
445 2814 478 2877 et
508 2813 634 2896 propria
664 2813 803 2889 sanatio,
833 2814 861 2877 si
891 2814 1004 2878 doceas
1034 2815 1120 2896 ipsas
1149 2813 1404 2896 perturbationes
1434 2830 1492 2894 per
1522 2830 1564 2875 se

328 2938 397 2984 esse
421 2920 550 2984 vitiosas
574 2938 633 2984 nec
654 2920 771 2983 babere
796 2920 967 3001 quicquam
996 2923 1052 2984 aut
1074 2921 1221 2984 naturale
1252 2923 1309 2984 aut
1330 2919 1564 2995 necessarium,

327 3030 365 3091 ut
387 3028 490 3111 ipsam
514 3027 745 3110 aegritudinem
767 3027 860 3091 leniri
884 3028 1042 3105 videmus,
1065 3046 1138 3092 eum
1161 3028 1314 3092 obicimus
1338 3026 1563 3090 maerentibus

327 3134 580 3199 imbecillitatem
610 3135 708 3200 animi
737 3134 911 3199 effeminati
941 3154 1076 3217 cumque
1111 3154 1222 3199 eorum
1257 3133 1447 3216 gravitatem
1483 3152 1565 3198 con-

329 3242 545 3323 stantiamque
579 3242 767 3320 laudamus,
802 3243 857 3324 qui
890 3262 955 3307 non
990 3242 1172 3307 turbulente
1206 3242 1349 3305 humana
1382 3241 1565 3323 patiantur.

330 3506 518 3562 einzelnen
533 3507 827 3576 perturbationes
846 3524 886 3561 zu
906 3506 1105 3576 beseitigen
1124 3507 1192 3561 siud.
1211 3538 1245 3546 -
1264 3506 1382 3575 11911111
1462 3504 1565 3574 impli-

328 3598 417 3666 eetur]
437 3596 579 3666 eigentlich
597 3597 673 3651 nicht
689 3596 762 3652 rutro
779 3596 839 3650 hier
857 3595 975 3665 Subjelrt,
994 3596 1131 3651 sondern‘?

402 3708 443 3749 aa.
461 3694 538 3749 Nam
554 3697 647 3765 neque]
666 3695 829 3763 fortgefiihrt
841 3694 927 3749 durch
939 3696 989 3749 Eat
1006 3695 1097 3749 111111.
1118 3727 1151 3735 -
1170 3694 1330 3763 miseranti]
1350 3693 1499 3762 Erkliimng
1514 3694 1567 3747 fiir

328 3786 483 3838 miserans:
503 3784 548 3852 „is
567 3785 612 3853 qui
631 3784 803 3853 conqueritur
820 3783 906 3838 aliena
924 3784 1121 3838 incommoda“.
1146 3815 1178 3824 -
1202 3789 1329 3853 quattuor
1343 3782 1566 3853 perturbationi·

329 3874 388 3944 1111]
413 3874 552 3943 aegritudo
571 3905 603 3913 —
622 3880 722 3940 111111,
747 3874 854 3928 11111111
872 3905 905 3914 -
925 3873 1021 3941 tabido,
1046 3873 1096 3927 wie
1120 3876 1195 3927 sonst
1219 3873 1286 3927 zwei
1310 3872 1506 3927 Grundaftelrte
1527 3904 1565 3913 —

330 3964 397 4017 zwei
410 3963 502 4018 Zeiten
516 3963 599 4033 (Pr'as.
614 3964 669 4016 und
682 3964 760 4031 Fut).
792 3964 825 4017 In
839 3964 889 4017 der
901 3953 1089 4032 iibersetzung
1108 3964 1214 4017 werden
1229 3963 1272 4017 die
1289 3962 1440 4016 indirelrten
1454 3961 1565 4031 Fragen

330 4054 435 4120 (utrum
512 4055 561 4121 aa)
580 4053 672 4107 besser
689 4053 776 4107 direlt
793 4052 921 4122 gegeben.
941 4084 975 4092 -
993 4058 1087 4107 utram
1105 4053 1218 4122 11111111]
1238 4051 1304 4106 zwei
1322 4052 1563 4120 1113111111.-

329 4142 378 4196 boe
395 4142 503 4212 melius]
526 4142 594 4196 Eine
617 4141 774 4210 allgemeine
792 4142 967 4211 Behandlung
988 4143 1036 4196 der
1053 4142 1137 4211 Frage
1161 4140 1309 4211 entspricht
1332 4140 1401 4195 auch
1419 4141 1496 4193 sonet
1514 4142 1570 4196 der

329 4230 454 4301 Neigung
466 4232 523 4285 und
536 4230 674 4300 Fahigkeit
686 4231 733 4285 des
747 4230 868 4285 Redners
882 4231 983 4288 Cicero.
1002 4263 1036 4272 -
1052 4232 1224 4301 paupertatis
1237 4230 1344 4284 molum
1357 4228 1471 4298 totlitur]
1487 4230 1570 4285 Aber

329 4320 372 4374 die
390 4320 548 4389 allgemeine
566 4309 763 4389 ilberzeuguug
779 4320 843 4375 11111
861 4320 918 4375 sich
937 4320 1012 4374 nicht
1030 4337 1059 4375 so
1077 4320 1160 4374 leicht
1177 4319 1341 4389 beibringen,
1360 4318 1411 4372 wie
1429 4317 1472 4373 die
1491 4318 1570 4375 Ver-

329 4408 465 4463 kehrtheit
483 4409 557 4464 eines
576 4409 768 4463 einzelnen
786 4410 955 4464 1111111111
973 4410 1072 4479 reigen.

402 4544 478 4611 sap.
493 4544 543 4599 28.
578 4557 620 4599 to.
637 4544 766 4598 abluatur
779 4545 832 4599 illa
845 4544 964 4614 parilem]
981 4561 1064 4613 „mag
1077 4543 1146 4598 wohl
1161 4542 1317 4612 abgestreift
1330 4542 1461 4595 11111111ιι
1476 4542 1572 4599 durch
