3642 5225
735 538 792 593 nb.
810 538 858 606 rr,
878 555 901 594 ο.
920 541 1035 596 er-ee.
1450 537 1504 600 lm

385 699 526 765 Laetus
550 719 631 765 eum
647 700 799 765 laudini
817 721 873 766 me
897 703 963 767 ebe
978 704 1029 780 te,
1052 701 1173 784 priter,
1197 703 1392 769 alaudatd
1410 704 1503 782 vire,

270 834 368 898 aliter
390 834 444 898 ille
468 835 552 917 apud
575 835 748 900 Trabeam:

385 949 494 1014 Lena
516 950 708 1014 delenita
730 953 903 1033 argento
927 951 1067 1015 nilum
1096 952 1338 1017 observabit
1359 971 1503 1030 meum,

386 1055 492 1136 Quid
516 1057 654 1134 velim,
678 1057 775 1139 quid
799 1058 1004 1132 etddeam3
1028 1058 1252 1124 adveniens
1276 1059 1409 1142 digito
1431 1060 1503 1125 im·

1075 1165 1230 1248 pellam
1253 1164 1430 1243 ienuam,

386 1270 511 1335 Fdree
545 1271 766 1352 paternum
805 1270 850 1334 de
885 1270 1099 1354 inproviso
1133 1271 1303 1356 Chrysis
1339 1273 1407 1337 ubi
1445 1291 1503 1338 me

400 1454 409 1480 Ι
1078 1379 1302 1461 aspexerit,
1547 1360 1558 1374 ’

386 1484 548 1549 Alaerie
577 1482 733 1549 obviem
759 1485 858 1548 mihi
880 1485 1010 1550 veniel
1033 1485 1286 1569 edmplexum
1309 1484 1504 1569 exoptine

1077 1611 1220 1670 meum,

387 1697 488 1762 Mihi
511 1717 551 1763 ee
576 1698 705 1763 deden

276 1837 384 1920 Quem
406 1840 486 1905 haee
508 1841 642 1924 pulchre
664 1843 765 1925 putet,
788 1842 856 1925 ipse
878 1842 944 1906 iem
968 1841 1067 1906 dicet:

390 1965 613 2030 Fdrlunem
636 1966 767 2050 ipsam
790 1966 955 2032 anteibo
978 1966 1161 2031 fortunis
1184 1967 1295 2032 meis.

367 2108 457 2173 Heee
472 2108 597 2173 laetitia
613 2127 710 2191 quam
726 2109 828 2192 turpis
853 2109 904 2186 sie
928 2110 1007 2173 satie
1031 2111 1081 2173 est
1097 2108 1265 2190 diligenter
1289 2109 1508 2175 attendentem
1517 2097 1560 2159 ⁸2

278 2215 408 2298 penitus
431 2215 546 2281 videre.
591 2217 827 2300 intueturper
856 2218 948 2294 sunt,
978 2214 1192 2298 quiefferunt
1219 2234 1253 2280 se
1276 2215 1399 2280 laetitia
1428 2182 1552 2293 lum,⁶⁸

279 2341 355 2387 eum
377 2322 529 2387 fruuntur
552 2322 698 2388 Veneriis
722 2324 949 2407 voluptatibus,
973 2323 1019 2388 eie
1041 2322 1206 2405 flagitiosi,
1230 2323 1286 2405 qui
1308 2341 1362 2388 eae
1384 2322 1510 2387 iniiam·

281 2432 370 2494 mato
393 2430 499 2494 anime
522 2431 759 2514 eoncupieeunl.
804 2432 903 2495 Tetus
927 2449 1001 2495 vere
1023 2430 1100 2508 iste,
1132 2430 1187 2512 qui
1209 2431 1304 2513 vulgo
1332 2431 1510 2514 appelletur

281 2554 371 2600 emer
385 2537 457 2619 (nee
471 2537 600 2602 hereule
616 2538 749 2616 invenie,
774 2557 835 2621 quo
858 2538 986 2601 nomine
1010 2537 1071 2601 alio
1087 2537 1188 2621 pessit
1204 2537 1377 2622 appellari),
1399 2539 1509 2602 tentae

280 2644 420 2709 levitatis
449 2647 512 2722 est,
543 2649 580 2709 ut
602 2645 683 2709 nihil
705 2646 846 2723 videam,
876 2645 961 2727 qued
987 2648 1099 2729 putem
1127 2645 1361 2710 eonferendum.
1407 2644 1510 2724 Quem

281 2750 438 2817 Geeeiliue

708 2857 848 2936 „de'um
873 2860 1040 2942 quinon
1065 2860 1259 2924 summrim
1283 2860 1417 2942 putet,

393 2968 473 3030 Ant
496 2967 672 3031 etlilium
697 2969 767 3031 aut
789 2985 923 3031 rerum
946 2985 1030 3031 eree
1054 2967 1313 3049 imperitum‘
1329 2966 1510 3043 existumet,

394 3072 454 3138 Oui
476 3073 542 3151 „in
565 3092 686 3138 manu
709 3074 779 3151 eit,
804 3092 920 3155 quem
943 3073 1032 3139 dese
1056 3072 1284 3138 demenlim
1308 3072 1426 3149 velit,

395 3177 517 3257 Quem
540 3180 698 3263 eipere,
722 3200 830 3263 quem
855 3179 1006 3257 sanderi,
1031 3199 1140 3262 quem
1164 3180 1203 3244 in
1225 3180 1389 3244 morbum
1404 3179 1512 3256 inici,

282 3424 320 3491 Π,
335 3427 359 3492 1,
374 3425 427 3494 53).
447 3458 482 3466 -
499 3442 519 3479 a
536 3426 646 3480 laudam
664 3427 733 3496 viro]
753 3427 796 3481 ein
812 3425 1017 3496 ‚‚geili'1geltes“
1027 3425 1113 3493 Wert,
1133 3441 1185 3478 von
1199 3423 1292 3480 Cicero
1311 3425 1351 3479 eft
1369 3425 1514 3494 angefiihrt

283 3513 328 3583 (ed
345 3514 409 3568 fam
429 3514 462 3581 V,
483 3517 524 3582 12,
544 3516 575 3583 ‘l;
593 3514 656 3583 XV,
675 3520 700 3584 6,
720 3519 754 3585 l).
775 3549 809 3558 -
831 3516 941 3586 ilabea]
960 3531 982 3569 e.
1002 3533 1035 3569 zu
1054 3516 1070 3583 ξ
1090 3516 1123 3571 35
1143 3514 1303 3585 (Komiler);
1322 3514 1388 3568 Hor.
1407 3516 1456 3569 set.
1475 3515 1512 3583 II,

282 3606 309 3670 3,
327 3604 419 3659 259st
438 3605 555 3674 (amator
573 3605 866 3674 ,‚Sehmeehtleppen“‚
891 3605 943 3659 wie
962 3622 993 3659 er
1011 3603 1080 3659 eueh
1097 3604 1125 3659 in
1148 3604 1201 3659 den
1219 3604 1324 3659 Vereen
1346 3605 1395 3660 des
1412 3604 1514 3660 Trabea

283 3693 424 3759 „trefiend
441 3694 599 3762 gezeiehnet
616 3694 673 3749 ist“
693 3696 842 3766 [notaturD.
862 3726 897 3735 —
916 3695 976 3749 iam
994 3694 1072 3764 dicei]
1092 3696 1173 3763 „sagi
1191 3710 1221 3748 er
1238 3693 1356 3763 gleieh“.

354 3834 433 3904 Kal).
453 3836 505 3892 32.
544 3850 585 3894 ee.
610 3837 680 3892 eatis
697 3842 736 3891 eei
755 3878 761 3891 .
777 3878 783 3891 .
799 3878 805 3891 .
823 3838 921 3908 tedere]
941 3837 1010 3891 wohl
1033 3837 1105 3892 naeh
1127 3840 1203 3894 ἔστιν
1226 3839 1310 3893 idern:
1336 3837 1429 3905 „kann
1451 3854 1514 3891 men

283 3923 360 3978 reehl
377 3924 469 3979 wehl“
487 3926 557 3994 (Tae.
578 3926 666 3981 Germ.
685 3928 717 3982 5:
737 3930 802 3995 „eet
819 3927 910 3981 videre
929 3927 999 3996 apud
1016 3926 1076 3981 illos
1094 3942 1158 3981 vera
1176 3928 1341 3995 argentea“).
1367 3955 1400 3965 —
1422 3926 1512 3995 amor]

283 4013 331 4065 fiir
352 4016 418 4089 ἔρως
439 4015 493 4068 und
517 4022 604 4089 φιλία.
631 4048 665 4057 -
694 4015 839 4086 Caecilius]
859 4031 881 4070 s.
899 4016 957 4085 HI,
977 4017 1019 4073 56.
1045 4048 1080 4057 -
1104 4016 1194 4085 deum]
1213 4014 1247 4068 In
1264 4013 1412 4083 Euripidee’
1433 4017 1514 4086 Λύγὴ

282 4100 426 4171 (Neuelr,
444 4104 535 4174 Eurip.
554 4105 606 4159 ir.'
620 4108 684 4172 271)
701 4104 772 4160 hiere
790 4121 833 4160 es:

528 4198 636 4276 Ἔρωτα
656 4200 685 4259 δ’
701 4206 778 4266 ὅστις
794 4207 834 4277 μὴ
852 4207 921 4259 θεὸν
937 4210 1022 4278 κρίνει
1039 4209 1131 4278 μέγαν

533 4298 580 4347 καὶ
599 4305 653 4347 τῶν
672 4296 803 4349 ἁπάντων
821 4294 967 4367 δαιμόνων
987 4297 1146 4364 ὑπέρτατον,

535 4386 550 4449 ἢ
570 4385 665 4445 σκαιός
681 4382 857 4451 (gemdmroh)
876 4386 953 4439 ἔστιν
971 4387 987 4451 ἢ
1004 4387 1094 4438 καλῶν
1112 4387 1225 4455 ἄπειρος
1243 4384 1288 4446 div,

535 4474 584 4526 orire
604 4473 662 4527 οἶδε
681 4475 730 4527 τὸν
745 4478 882 4547 μέγιστον
900 4474 1060 4544 ἀνθρώποις
1078 4474 1152 4526 θεόν.

284 4564 470 4635 Neehgenlrml
480 4566 554 4624 batte
566 4568 609 4624 die
619 4569 701 4625 Stelle
715 4570 863 4625 Menander
873 4570 1025 4639 (342-291
1037 4585 1062 4622 v.
1074 4568 1147 4635 Chr.)
1159 4567 1187 4621 in
1201 4566 1294 4622 eeinen
1303 4574 1516 4641 inveteraverat
