3642 5225
696 511 904 567 lhasculanarum
922 511 1129 581 disputationum

408 675 518 740 Haec
542 675 675 739 dmnia
698 673 781 739 widi
803 673 1072 753 inflammari,

408 781 573 845 Priame
597 781 787 846 viritem
811 781 978 859 evitari,

407 887 519 953 Iovis
544 887 653 953 atram
676 888 878 970 sanguine
901 887 1070 972 tdrpari.

254 1022 503 1087 oPraeelarum
533 1022 677 1086 carmen!
722 1022 782 1086 Est
814 1022 900 1086 enim
930 1025 963 1086 et
985 1022 1081 1087 rebus
1105 1024 1138 1087 et
1160 1022 1264 1088 verbis
1295 1023 1328 1086 et
1349 1021 1457 1085 modis
1484 1022 1540 1085 lu·
1621 1042 1625 1097 l

299 1130 407 1212 gubre.
453 1129 634 1211 Eripiamus
663 1128 739 1193 huic
770 1129 1014 1211 aegritudinem.
1060 1127 1271 1207 Quomodo?
1317 1127 1538 1195 conlocemus

298 1236 333 1299 in
362 1235 480 1300 culcita
509 1236 652 1318 plumea,
684 1235 853 1318 psaltriam
887 1235 1102 1311 adducamus,
1135 1235 1290 1318 hedychri
1318 1235 1537 1300 incendamus
1621 1100 1628 1419 ι

299 1344 485 1421 scutellam,
520 1343 696 1409 dulciculae
731 1344 868 1427 potionis
904 1343 1025 1426 ahquid
1058 1343 1222 1408 videamus
1257 1345 1291 1408 et
1319 1342 1388 1407 cibi.
1438 1341 1537 1408 Haeo

299 1451 432 1516 tandem
460 1452 544 1515 hona
566 1453 657 1528 sunt,
689 1451 805 1533 quihus
829 1451 1045 1532 aegritudines
1068 1451 1275 1533 gravissimae
1298 1448 1535 1526 detrahantur3
1623 1424 1640 2087 p

299 1561 336 1622 tu
367 1558 451 1622 enirn
482 1558 577 1641 paulo
608 1559 682 1622 ante
711 1576 751 1621 ne
774 1558 959 1639 intellegere
989 1559 1022 1621 te
1046 1557 1174 1639 quidem
1204 1557 1267 1622 alia
1294 1557 1362 1621 ulla
1390 1556 1534 1622 dicebas.

299 1665 453 1729 Rewooari
475 1665 575 1746 igitur
597 1666 741 1747 oportere
765 1683 784 1729 a
807 1683 949 1728 maerore
973 1663 1013 1728 ad
1030 1665 1254 1746 cogitationem
1277 1665 1431 1729 honorum
1454 1683 1534 1729 con-

299 1772 422 1837 veniret
444 1771 524 1835 mihi
547 1790 621 1835 oum
642 1771 788 1854 Epicuro,
812 1771 847 1849 ei,
871 1771 948 1853 quid
972 1775 1057 1836 esset
1079 1771 1206 1850 honum,
1230 1771 1420 1837 conveniret.

244 1877 288 1939 21
387 1877 481 1941 Dicet
512 1877 645 1958 aliquis:
677 1876 760 1956 Quid
791 1880 887 1959 ergo?
923 1881 959 1942 tu
982 1878 1157 1962 Epicurum
1187 1879 1349 1943 existimas
1379 1879 1444 1943 ieta
1475 1898 1534 1944 vo-

299 1985 399 2050 luisse
429 1987 487 2049 aut
513 1985 697 2049 libidinosas
726 1986 794 2049 eius
822 1984 920 2050 fuisse
945 1987 1144 2050 sententiae?
1190 1987 1257 2068 Ego
1279 2005 1353 2050 vero
1375 1986 1531 2066 minime;

299 2092 390 2158 video
414 2093 499 2156 enim
523 2092 562 2156 ab
585 2111 622 2157 eo
646 2091 707 2157 diei
730 2093 834 2157 multa
857 2111 975 2170 severe,
997 2093 1102 2157 multa
1124 2093 1295 2176 praeclare.
1339 2093 1467 2174 Itaque,
1492 2095 1533 2158 ut

299 2218 394 2283 saepe
418 2198 497 2275 dixi,
532 2200 570 2264 de
600 2201 745 2264 acumine
778 2200 885 2280 agitur
907 2200 991 2278 eius,
1026 2219 1089 2264 non
1113 2201 1151 2264 de
1185 2201 1344 2274 moribus;
1380 2202 1532 2281 quamvis

300 2308 430 2389 spernat
445 2306 625 2389 voluptates
650 2325 713 2383 eas,
737 2325 817 2388 quas
840 2306 933 2370 modo
957 2307 1109 2383 laudavit,
1133 2325 1190 2389 ego
1214 2308 1323 2372 tamen
1343 2307 1532 2386 meminero,

299 2413 385 2495 quod
400 2413 546 2478 rideatur
569 2413 597 2477 ei
614 2432 777 2477 summum
800 2414 927 2477 bonum.
973 2414 1045 2477 Non
1070 2415 1155 2478 enim
1178 2415 1272 2479 verbo
1294 2415 1397 2478 solum
1418 2415 1536 2497 posuit

296 2696 398 2750 mache.
418 2728 452 2736 —
471 2698 507 2750 Es
525 2696 615 2766 folgen
632 2697 733 2751 wieder
746 2700 887 2765 Anaptiste.
908 2729 941 2737 -
960 2697 1073 2767 celleri]
1093 2714 1146 2751 von
1163 2696 1221 2751 elle
1238 2696 1355 2766 gebildet
1372 2695 1423 2750 wie
1436 2713 1532 2766 espec-

297 2792 385 2840 lerore
403 2786 461 2855 (IV,
481 2787 534 2854 19),
553 2786 709 2855 ereste'rpera
728 2804 860 2853 ereereore,
879 2787 1044 2853 exanimare,
1064 2787 1211 2840 eviscerare
1229 2786 1275 2856 (11,
1294 2786 1347 2854 21).

369 2896 410 2937 le.
429 2883 518 2953 rebus]
538 2884 639 2954 „Stodf²
659 2885 863 2953 Gegenstand“·,
880 2885 967 2938 cerdis
987 2885 1183 2952 „Ausdruclr“;
1201 2884 1290 2938 clodis
1309 2882 1439 2952 „Musilr“
1458 2882 1532 2953 (Me-
1644 2882 1645 2888 '

295 2972 385 3041 lodie).
405 3004 438 3012 -
457 2973 565 3040 culcita,
580 2975 622 3043 aa]
638 2974 765 3042 „Kissem
780 2974 946 3042 Plumsau“;
960 2976 1072 3028 scutelle
1086 2974 1210 3042 „flaches
1224 2973 1354 3028 Bechen“
1367 2974 1411 3041 (zu
1424 2978 1530 3041 scodra,

296 3063 429 3131 scutulo);
454 3065 594 3136 ἡδύχρουν
612 3063 818 3132 ‚,schdnfarbig‚
842 3063 1077 3124 wohlrieehend“;
1101 3063 1329 3132 Verwechselung
1350 3062 1399 3117 der
1416 3061 1531 3117 Eiones·

297 3151 473 3221 empfindung
486 3152 536 3206 wie
548 3152 586 3205 im
600 3153 768 3207 Deutsohen:
784 3169 835 3221 „es
849 3153 992 3220 schmeeht,
1007 3152 1094 3207 rieoht
1107 3153 1212 3207 sohdn“
1226 3153 1273 3205 fiir
1287 3153 1362 3221 „gut
1376 3150 1447 3205 wohl
1453 3153 1478 3205 “.
1494 3182 1531 3192 -

296 3241 456 3310 dulciculae]
476 3242 526 3296 wie
545 3242 700 3307 ecrierllece;
724 3242 847 3312 hiufiger
866 3243 1007 3297 Gebraueh
1030 3244 1079 3296 der
1096 3242 1275 3309 Diminutiwa,
1301 3258 1322 3296 s.
1342 3242 1358 3310 ξ
1376 3243 1407 3310 23
1432 3240 1461 3294 in
1480 3239 1532 3295 der

296 3319 484 3399 Ubersetzung
508 3331 583 3384 nicht
609 3331 706 3384 immer
733 3332 942 3385 auszudriiclren.
972 3363 1006 3372 —
1034 3331 1184 3401 cellcumees]
1210 3330 1299 3399 „nach
1324 3331 1406 3384 etwas
1433 3328 1530 3399 eehen,

297 3418 459 3487 besorgen“.
478 3450 512 3458 —
536 3420 691 3489 intellegere
707 3426 734 3475 le
750 3410 868 3490 quidem]
884 3437 932 3475 aus
950 3421 1153 3490 rhythmisohen
1167 3421 1296 3476 Gr'dnden
1315 3435 1343 3474 so
1362 3418 1476 3489 gestellt
1492 3450 1530 3461 -

296 3506 325 3559 si
403 3507 554 3561 conveniret
572 3510 645 3578 eum]
665 3525 762 3576 „wenn
780 3509 823 3561 ioh
841 3510 889 3562 der
906 3509 1029 3577 gleiehen
1048 3510 1161 3563 Ansicht
1178 3512 1280 3564 wilre“.

368 3648 445 3717 Kap.
467 3650 517 3707 20.
556 3650 621 3719 teto]
642 3651 710 3718 „das
732 3651 780 3718 da,
806 3668 860 3705 was
878 3653 915 3705 du
932 3651 1138 3720 worgebracht“.
1164 3684 1198 3692 -
1223 3653 1254 3705 de
1272 3651 1409 3720 acumem]
1435 3649 1530 3704 Philo·

297 3736 452 3805 sophiseher
465 3737 629 3806 Scherdsinn‚
648 3740 697 3793 der
714 3739 903 3795 insbesendere
921 3742 982 3810 jede
996 3740 1199 3810 Inhonsequenz
1218 3741 1256 3794 im
1272 3740 1379 3809 Systeffl
1396 3739 1529 3809 hemerlrd,

296 3826 347 3879 wie
360 3825 404 3880 bei
418 3826 596 3897 Chrysippum
616 3829 789 3898 ‚,lEpieurus)
803 3830 832 3883 in
846 3830 930 3884 ulterra
943 3830 1124 3899 philosophiae
1138 3832 1221 3900 parte,
1295 3846 1363 3899 quae
1377 3832 1473 3901 λογικὴ
1486 3829 1530 3882 di·

296 3914 373 3984 citur,
392 3916 470 3985 plane
537 3917 647 3972 inermis
666 3921 693 3972 et
711 3919 785 3973 rudis
799 3921 861 3973 est“
881 3921 924 3990 (de
938 3920 986 3973 fin.
1001 3920 1023 3986 Ι,
1039 3921 1091 3988 22).
1108 3951 1139 3959 —
1160 3920 1292 3990 merehem]
1312 3920 1412 3989 Epilrur
1425 3918 1529 3988 pilegte

294 4006 494 4061 Ereundschaft
517 4008 572 4061 und
597 4007 667 4077 zeigt
691 4008 770 4062 einen
795 4008 874 4063 edlen
893 4009 1040 4065 Charakter
1064 4009 1092 4061 in
1117 4009 1178 4063 dem
1201 4009 1293 4064 Briefe
1319 4026 1353 4063 an
1376 4008 1530 4063 Hermareh

292 4095 339 4163 (de
359 4095 407 4148 fin.
426 4096 469 4164 11,
488 4097 533 4164 96)
555 4097 611 4150 und
633 4097 662 4149 in
684 4097 788 4151 seinem
805 4098 960 4153 Testament
978 4098 1022 4167 (ib.
1042 4101 1058 4167 ξ
1076 4100 1147 4167 100).
1184 4099 1262 4153 Auch
1286 4114 1321 4152 an
1344 4098 1387 4152 die
1405 4096 1530 4166 Episteln

292 4184 343 4237 des
360 4184 450 4239 Horaz
469 4184 504 4238 ist
522 4203 556 4238 zu
575 4186 709 4240 erinnem.
746 4187 810 4241 East
827 4188 927 4241 stoisoh
945 4190 1032 4241 mutet
1050 4204 1101 4241 uns
1120 4205 1154 4241 an
1172 4189 1221 4241 der
1240 4187 1372 4254 Gedanlre‚
1392 4188 1444 4240 den
1462 4186 1528 4239 Tor-

293 4275 392 4341 quatus
417 4274 450 4327 de
468 4274 516 4327 fin.
535 4275 563 4342 Ι,
582 4277 618 4331 48
643 4275 683 4330 als
708 4275 875 4345 epikureiseh
900 4276 1066 4332 entwielelt:
1092 4277 1159 4346 „qui
1182 4278 1220 4331 ita
1243 4277 1298 4331 frui
1321 4276 1415 4331 volunt
1431 4273 1527 4343 volup-

295 4360 402 4429 tatibus,
421 4364 453 4415 ut
469 4362 537 4416 nulli
554 4366 663 4433 propter
681 4380 726 4418 eas
745 4367 942 4435 consequantur
959 4366 1075 4433 dolorm,
1096 4406 1143 4420 ...
1163 4365 1182 4418 ii
1201 4366 1364 4435 voluptatem
1382 4364 1528 4419 maximam

296 4449 479 4519 adipiscuntur
496 4452 732 4520 praetermittenda
749 4454 915 4523 voluptate“.
936 4487 970 4495 -
993 4456 1068 4509 oerlm
1144 4455 1248 4525 posuit]
1268 4455 1337 4523 „hat
1354 4471 1403 4508 zur
1421 4453 1527 4507 Grund-

295 4539 355 4608 lage
382 4540 505 4608 gemacht
531 4541 616 4595 durch
645 4542 689 4596 ein
715 4542 824 4614 Wort“,
853 4546 969 4599 sondern
996 4545 1066 4599 auch
1092 4544 1178 4598 durch
1205 4544 1279 4599 seins
1307 4544 1464 4612 Erlrliirung.
1491 4575 1525 4584 -
