3642 5225
349 500 401 559 ll8
744 498 953 553 Tusculanarum
970 497 1178 566 disputationum

349 682 410 745 que
433 663 594 741 fortunae,
624 682 687 726 non
711 663 872 744 equitatu,
900 679 964 725 non
987 660 1187 744 pedestribus
1211 659 1324 743 copiis,
1353 677 1416 723 non
1445 659 1587 724 navium

348 770 571 847 multitudine,
601 789 665 834 non
697 769 820 833 infinito
849 767 986 851 pondere
1011 767 1081 831 auri
1104 769 1273 831 contentus
1303 765 1481 849 praemium
1506 785 1588 849 pro-

348 877 469 959 posuit,
494 876 549 958 qui
571 875 746 940 invenisset
768 894 883 940 novam
906 874 1122 956 voluptatem
1153 892 1217 955 qua
1240 873 1310 955 ipsa
1331 892 1395 936 non
1418 872 1481 937 fuit
1506 892 1587 937 oon-

348 987 474 1059 tentam
505 1003 607 1066 neque
638 983 722 1047 enirn
754 1000 908 1064 umquam
937 981 1033 1045 finem
1056 981 1197 1046 inveniet
1219 980 1323 1044 hhido.
1369 980 1436 1044 Nos
1460 981 1585 1045 vellem

347 1091 488 1173 praemio
520 1091 631 1155 elisere
661 1109 845 1173 possemus,
877 1089 932 1171 qui
961 1087 1051 1152 nohis
1079 1087 1199 1170 aliquid
1222 1087 1400 1163 attulisset,
1431 1106 1494 1168 quo
1518 1088 1585 1152 hoe

349 1197 471 1261 firmius
495 1197 705 1262 meteremus.

316 1294 338 1354 8
436 1303 478 1367 A.
512 1303 638 1368 Vellem
668 1304 700 1368 id
731 1302 874 1385 quidem,
904 1302 960 1367 sed
990 1302 1091 1366 haheo
1118 1302 1266 1384 paulum,
1297 1300 1381 1383 quod
1404 1302 1584 1382 requiram.

305 1380 333 1420 Ἡ
348 1411 415 1492 llgo
439 1411 523 1475 euim
547 1411 707 1475 adsentior
736 1429 861 1487 eorum,
893 1428 973 1491 quae
997 1408 1148 1492 posuisti,
1178 1409 1316 1472 alterurn
1346 1409 1438 1472 alteri
1468 1427 1585 1473 eonse-

349 1536 449 1599 quens
473 1536 552 1596 esse,
580 1519 626 1595 ut,
658 1516 936 1599 quemadmodum,
966 1515 1001 1593 si,
1032 1515 1116 1597 quod
1139 1515 1310 1580 honestum
1334 1516 1384 1591 sit,
1415 1516 1447 1578 id
1471 1516 1583 1580 solum

348 1624 391 1687 sit
420 1625 553 1702 bonum,
584 1627 739 1706 sequatur
767 1623 868 1688 vitam
897 1623 1025 1687 beatam
1055 1622 1174 1686 virtute
1204 1621 1329 1699 oonfioi,
1361 1622 1421 1698 sio,
1451 1622 1478 1685 si
1511 1623 1585 1686 vita

348 1732 443 1795 beata
465 1731 498 1794 in
521 1732 640 1795 virtute
665 1731 715 1807 sit,
738 1730 816 1794 nihil
842 1749 913 1794 esse
935 1730 999 1794 nisi
1022 1730 1175 1794 virtutem
1198 1730 1326 1794 bonum.
1366 1729 1428 1793 Sed
1451 1729 1583 1794 Brutus

348 1839 424 1901 tuus
448 1839 577 1902 auotore
600 1838 738 1901 Aristo
762 1839 795 1902 et
816 1836 1019 1901 Antioeho
1045 1855 1110 1900 non
1134 1836 1232 1901 sentit
1253 1836 1330 1911 hoo;
1361 1838 1455 1919 putat
1482 1837 1585 1914 enim,

349 1944 475 2008 etiamsi
498 1944 541 2007 sit
563 1946 681 2008 honum
705 1944 834 2025 aliquod
857 1945 984 2027 praeter
1007 1944 1169 2007 virtutem.

436 2049 485 2114 Μ.
522 2049 605 2130 Quid
627 2051 748 2133 igitur?
772 2052 882 2115 eontra
905 2050 1086 2115 Brutumne
1108 2069 1160 2114 me
1184 2049 1345 2114 dioturum
1367 2051 1487 2133 putas?

436 2156 479 2221 A.
514 2159 562 2222 Tu
585 2177 668 2235 vero,
691 2160 729 2222 ut
752 2157 896 2231 videtum
920 2175 996 2221 uam
1020 2157 1187 2240 praefinire
1210 2176 1274 2221 non
1298 2159 1348 2221 est
1369 2176 1488 2221 meum.

305 2287 337 2328 aa
438 2265 488 2328 M.
520 2263 604 2344 Quid
628 2265 741 2347 auique
757 2265 857 2346 igitur
871 2267 1120 2329 consentaneum
1136 2264 1187 2341 sit,
1211 2264 1272 2328 alio
1295 2264 1372 2329 loeo.
1407 2264 1493 2328 Nam
1516 2265 1586 2329 ista

349 2373 429 2435 mihi
452 2375 484 2436 et
507 2391 580 2436 oum
610 2371 764 2436 Antioaho
789 2389 883 2454 saepe
911 2373 944 2435 et
975 2391 1048 2435 oum
1071 2371 1178 2436 Aristo
1200 2390 1315 2454 nuper,
1345 2390 1419 2435 oum
1442 2372 1585 2436 Athenis

349 2464 522 2562 imperator
537 2479 621 2561 apud
638 2498 712 2544 eum
728 2478 921 2556 deversarer,
944 2478 1098 2543 dissensio
1115 2478 1184 2542 luit.
1217 2478 1296 2542 Mihi
1312 2479 1397 2542 enim
1410 2497 1476 2542 non
1494 2479 1587 2544 vide·

349 2586 444 2650 batur
468 2586 638 2668 quisquam
662 2605 731 2651 esse
754 2585 868 2651 beatus
891 2603 1000 2669 posse,
1032 2604 1105 2650 oum
1128 2585 1161 2649 in
1183 2585 1277 2649 malis
1302 2587 1403 2657 esset:
1427 2585 1460 2648 in
1484 2587 1585 2651 malis

349 2696 458 2757 autem
482 2694 659 2775 sapientem
682 2712 751 2757 esse
775 2711 880 2776 posse,
911 2693 939 2756 si
969 2695 1076 2757 essent
1099 2693 1166 2756 ulla
1189 2692 1327 2775 eorporis
1351 2694 1409 2756 aut
1431 2692 1585 2757 fortunae

347 2956 559 3027 interessierten,
586 2956 656 3026 aeigt
673 2957 738 3010 Hor.
758 2959 806 3011 sat.
825 2958 866 3025 H,
885 2958 903 3011 4
921 2974 947 3010 u.
966 2959 997 3013 8:
1024 2959 1077 3025 „ut
1095 2955 1232 3011 Nasidieni
1249 2956 1317 3010 iuvit
1334 2958 1361 3010 te
1380 2972 1448 3010 oona
1465 2955 1586 3010 beati?“

348 3045 408 3115 Vgl.
428 3064 461 3099 zu
480 3049 495 3115 ξ
513 3050 556 3102 13.
592 3046 656 3101 Man
675 3046 789 3101 beaohte
808 3046 875 3100 aaoh
893 3046 937 3101 die
954 3046 1063 3100 iibliohe
1081 3046 1240 3116 Bedeutung
1257 3062 1311 3100 von
1329 3045 1401 3100 beati
1418 3045 1585 3115 (beatiores),

348 3152 371 3189 a.
391 3135 422 3189 B.
442 3135 506 3190 Hor.
525 3136 707 3203 sat.11,s,1,
726 3136 764 3188 im
783 3136 946 3205 Gegensatze
966 3153 999 3189 zu
1017 3137 1065 3189 der
1082 3136 1111 3188 in
1129 3136 1177 3189 der
1194 3135 1364 3204 Philosophia
1383 3135 1587 3204 iestgestellten

348 3226 380 3292 (⁸-
399 3227 415 3294 1
433 3226 486 3293 28).

419 3367 497 3434 Kup.
517 3369 546 3425 8.
587 3380 627 3421 m.
646 3367 823 3436 Antiochum]
842 3366 990 3421 Antiochus
1008 3383 1061 3422 uon
1079 3366 1208 3434 Askelon,
1227 3366 1380 3421 Ascalonita
1398 3368 1429 3435 (s.
1448 3366 1507 3435 HI,
1526 3369 1587 3438 59).

348 3454 412 3509 Sein
430 3455 535 3508 Bruder
553 3472 608 3510 war
625 3456 751 3523 Aristus,
777 3455 852 3509 nieht
870 3473 903 3509 zu
923 3455 1106 3511 verweohseln
1124 3455 1174 3509 mit
1191 3456 1244 3510 den
1262 3455 1471 3510 versohiedenen
1491 3456 1589 3511 Aristo

348 3547 381 3613 (z.
396 3543 426 3596 Β.
442 3544 504 3597 dem
517 3544 711 3613 Peripatetiher
728 3560 776 3599 aas
787 3544 855 3598 Iulis
873 3545 920 3598 auf
933 3546 1004 3599 Keos
1023 3576 1057 3586 -
1077 3553 1166 3611 Κεῖος,
1185 3544 1248 3601 Cius
1269 3576 1301 3583 -
1320 3544 1384 3599 oder
1401 3544 1463 3599 dem
1476 3544 1590 3600 Stoiker

348 3648 396 3686 aus
415 3632 494 3687 Chios
513 3664 547 3672 —
566 3642 665 3700 Χεῑος,
684 3633 785 3702 Chius).
822 3633 942 3702 Aristus,
962 3633 1127 3702 Sohulhaupt
1144 3635 1194 3688 der'
1210 3634 1367 3701 Ahademie,
1386 3634 1589 3691 unterriohtete

349 3722 402 3775 den
415 3721 450 3775 M.
466 3722 565 3776 Brutus
583 3723 637 3776 und
655 3739 713 3777 war
730 3722 780 3776 mit
797 3722 898 3776 diesem
916 3723 997 3777 sowie
1016 3724 1065 3776 mit
1079 3723 1172 3779 Cicero
1186 3724 1359 3791 befreundet3
1379 3740 1409 3777 er
1424 3722 1592 3779 bezeichnet

347 3811 438 3864 ausser
462 3810 510 3864 der
527 3811 635 3880 Tugend
653 3811 722 3865 noeh
746 3811 859 3865 anderes
881 3811 921 3865 als
941 3812 1032 3865 soter.
1059 3842 1092 3851 -
1121 3812 1158 3865 Tra
1176 3814 1246 3882 earo]
1267 3812 1361 3880 „halto
1379 3813 1416 3866 du
1434 3813 1482 3865 das
1503 3818 1590 3883 ...⁸‘3

347 3898 439 3954 solohe
464 3900 646 3969 pronominale
665 3900 843 3969 Wendungen
868 3902 909 3954 oft
932 3901 1002 3955 ohne
1023 3901 1148 3955 Verbum.
1174 3933 1207 3941 -
1228 3902 1392 3972 praefinire]
1416 3901 1465 3955 mit
1490 3903 1591 3974 Bezug

350 3989 397 4041 auf
415 3988 458 4043 die
477 3989 712 4059 Zureohtweisung
730 3991 746 4058 ξ
767 3993 808 4045 15.

420 4090 462 4132 aa.
486 4079 644 4148 imperator]
664 4078 758 4135 Cicero
775 4080 849 4133 hatte
867 4079 995 4134 wahrend
1020 4080 1108 4134 seinos
1126 4080 1332 4135 Prohonsulates
1350 4082 1444 4152 (51s50
1461 4097 1489 4135 v.
1509 4082 1591 4153 (ihr.)

348 4166 505 4221 wiederholt
523 4168 571 4220 mit
588 4168 641 4222 den
659 4168 746 4223 freien
761 4168 881 4223 Kilihem
900 4186 935 4222 zu
951 4168 1093 4238 ltmpfen3
1112 4169 1152 4224 als
1171 4186 1201 4223 er
1218 4170 1257 4224 sie
1276 4172 1330 4239 (am
1347 4172 1390 4226 13.
1405 4169 1524 4225 Oktober
1538 4174 1591 4242 51)

346 4256 376 4307 in
394 4257 455 4310 dem
474 4257 701 4327 Amanasgebirge
719 4257 821 4312 unweit
839 4259 910 4313 Issos
928 4259 1031 4328 besiegt
1048 4259 1134 4327 hatte,
1154 4260 1246 4313 wurde
1265 4276 1296 4314 er
1313 4276 1367 4313 von
1384 4261 1437 4313 den
1455 4259 1593 4317 Soldaten

348 4344 388 4398 als
406 4344 554 4414 imperator
572 4347 705 4416 hegriilst;
727 4347 772 4402 ein
784 4347 851 4401 Jahr
868 4348 963 4401 darauf
981 4348 1073 4402 landet
1092 4364 1122 4402 er
1139 4348 1176 4401 im
1190 4349 1299 4416 Pirtus3
1318 4365 1348 4402 er
1365 4348 1453 4403 heiste
1472 4349 1515 4403 bis
1533 4352 1593 4407 ties

347 4434 377 4485 in
395 4434 448 4487 den
466 4434 645 4505 Biirgerhrieg
662 4435 754 4490 hinein
772 4435 801 4489 in
819 4436 887 4491 Rom
905 4436 1118 4506 triumphierend
1137 4436 1277 4492 einziehen
1296 4454 1330 4491 au
1348 4438 1461 4492 konnen.
1483 4469 1517 4479 -
1541 4442 1592 4496 de-

347 4525 477 4593 versarer]
489 4524 635 4593 provincia
652 4526 776 4579 decedens
795 4543 917 4579 versarer
931 4525 1134 4594 („einhehrend,
1154 4526 1193 4580 als
1207 4527 1311 4594 Gast“).
1345 4527 1412 4596 Nep.
1427 4526 1497 4581 Milt.
1514 4545 1538 4583 e.
1555 4535 1591 4588 3:
