3642 5225
745 538 802 593 Iib.
821 538 855 606 V,
874 554 896 592 c.
916 539 1031 594 40·-41.
1450 536 1503 598 2111

275 705 330 768 tus
354 703 405 781 sit,
427 703 592 787 prematur
615 702 712 767 etiam
735 701 895 766 doloribus
911 701 1073 766 acerrimis
1089 702 1238 784 corporis.
1277 700 1341 780 Qui
1363 701 1505 785 primum

275 829 333 895 per
356 829 390 875 se
412 810 474 893 ipsi
496 811 685 892 plerumque
704 808 875 874 conficiunt
888 808 1067 888 hominem;
1092 808 1142 872 sin
1164 807 1246 873 forte
1269 809 1503 891 longinquitate

276 917 422 1002 producti
451 916 671 982 vehementius
700 918 810 981 tamen
839 917 1006 998 torquent,
1038 934 1135 998 qnam
1164 917 1203 980 ut
1232 934 1330 980 causa
1360 916 1417 992 sit,
1447 935 1504 981 cur

274 1025 427 1102 ferantur,
451 1024 527 1107 quid
546 1026 596 1089 est
611 1023 751 1100 tandem,
774 1023 807 1087 di
829 1023 912 1102 boni,
936 1022 1019 1106 quod
1036 1024 1241 1089 laboremus?
1278 1023 1395 1088 Portus
1419 1023 1504 1088 enim

276 1133 404 1215 praesto
427 1133 492 1209 est,
520 1132 685 1214 [quoniam
707 1149 794 1195 mors
817 1130 936 1195 ibidem
960 1131 1024 1214 est]
1053 1132 1220 1196 aeternum
1242 1131 1323 1195 nihil
1346 1130 1504 1201 sentiendi

274 1239 524 1322 receptaculum.
557 1237 739 1302 Theodorus
754 1237 945 1320 Lysimacho
961 1239 1098 1302 mortem
1113 1238 1276 1302 minitanti
1292 1237 1504 1321 „Magnum

274 1351 402 1423 vero“,
431 1344 552 1428 inquit,
586 1343 813 1423 „effecisti,
844 1345 877 1409 si
907 1344 1168 1409 cantharidis
1198 1345 1278 1409 vim
1309 1364 1505 1411 consecu-

272 1454 343 1517 tus
374 1459 447 1517 es.“
492 1452 615 1517 Paulus
644 1451 734 1516 Persi
764 1451 963 1535 deprecanti,
997 1470 1037 1516 ne
1066 1451 1100 1515 in
1129 1451 1291 1536 triumpho
1326 1451 1566 1530 duceretur,ms

252 1557 344 1638 '„In
367 1562 438 1624 tua
460 1560 500 1624 id
523 1559 686 1642 quidem
709 1560 922 1642 potestate
946 1561 1035 1623 est.“
1081 1559 1186 1623 Multa
1207 1559 1310 1644 primo
1334 1559 1400 1637 die,
1431 1578 1505 1624 cum

275 1668 314 1732 de
336 1668 407 1751 ipsa
427 1669 530 1731 morte
554 1684 789 1749 quaereremus,
811 1685 874 1731 non
897 1685 1000 1751 pauca
1023 1667 1121 1731 etiam
1140 1669 1277 1750 postero,
1300 1685 1374 1732 cum
1397 1685 1506 1749 agere-

276 1779 331 1839 tur
359 1774 398 1839 de
426 1774 545 1850 dolore,
576 1775 653 1838 sunt
680 1773 766 1838 dicta
792 1773 831 1838 de
859 1775 975 1850 morte,
1005 1792 1086 1856 quae
1110 1775 1166 1856 qni
1193 1773 1390 1852 recordetur,
1418 1773 1505 1839 haud

279 1900 355 1946 sene
379 1881 556 1965 periculum
580 1883 645 1957 est,
667 1899 708 1945 ne
730 1899 795 1945 non
817 1882 954 1945 mortem
977 1882 1034 1946 aut
1056 1881 1230 1964 optandam
1253 1883 1310 1946 aut
1333 1883 1418 1946 certe
1441 1901 1505 1946 non

277 1989 455 2053 timendam
478 1990 579 2071 putet.
624 1987 705 2052 Mihi
727 1988 857 2070 quidem
879 1988 914 2051 in
936 1988 1003 2052 vita
1026 1988 1182 2053 servanda
1208 1988 1336 2052 videtur
1363 1989 1420 2052 illa
1445 1989 1557 2065 ler,41

278 2114 361 2179 quae
390 2096 424 2159 in
454 2095 648 2161 Graecorum
678 2095 829 2193 conviviis
858 2095 1036 2160 obtinetur:
1073 2097 1176 2172 „Aut
1205 2096 1359 2173 bibat“,
1392 2096 1505 2178 inquit,

278 2207 372 2281 ,aut
402 2204 547 2268 abeat.“
592 2203 635 2267 llt
663 2205 758 2268 recte.
803 2205 869 2267 Aut
893 2204 978 2267 enim
1001 2202 1129 2268 fruatur
1152 2203 1266 2286 aliquis
1289 2202 1409 2287 pariter
1431 2221 1505 2267 cum

277 2311 349 2374 aliis
372 2310 537 2393 voluptate
559 2310 690 2394 potandi
713 2312 778 2387 aut,
800 2329 840 2374 ne
864 2310 989 2374 sobrius
1012 2310 1045 2373 in
1069 2309 1253 2374 violentiam
1268 2309 1506 2374 vinulentorum

278 2417 410 2494 incidat,
434 2421 507 2483 ante
531 2417 682 2482 discedat.
729 2416 781 2482 Sic
803 2418 937 2481 iniurias
961 2416 1120 2493 fortunae,
1149 2435 1228 2499 quas
1250 2416 1333 2481 ferre
1356 2435 1506 2499 nequeas,

278 2524 466 2606 defugiendo
488 2526 660 2607 relinquas.
694 2524 784 2590 Haeo
807 2524 927 2600 eadem,
952 2543 1032 2607 quae
1055 2524 1221 2607 Epicurus,
1244 2524 1379 2588 totidem
1402 2524 1506 2588 verbis

279 2631 356 2697 dicit
377 2631 601 2715 Hieronymus.

280 2885 296 2912 „
303 2844 470 2909 (Hannibal)
489 2844 573 2899 altero
591 2843 668 2898 oculo
688 2844 819 2912 capitur“.
835 2876 869 2884 —
884 2844 1012 2914 primum
1078 2844 1229 2913 conficiunt
1243 2846 1384 2913 (auacuutfl
1404 2860 1433 2898 so
1447 2844 1506 2898 dass

280 2935 328 2989 der
345 2933 508 2988 Selbstmord
529 2934 606 2988 nicht
628 2932 701 3003 nbtig
724 2933 771 2998 ist;
796 2935 861 2987 statt
878 2933 974 2987 deiude
992 2934 1060 3003 iolgt
1076 2934 1124 2987 siu
1140 2935 1215 3001 sorte.
1237 2964 1270 2973 -
1291 2933 1431 3002 producti]
1455 2932 1506 2985 wie

276 3024 384 3093 syllaba
404 3024 550 3093 producto,
577 3023 638 3077 eine
655 3023 733 3092 lange
752 3023 824 3077 Silbe
843 3024 1035 3097 (ἐκτεταμένη).
1055 3054 1090 3063 -
1111 3023 1218 3092 portus]
1243 3023 1290 3075 das
1308 3021 1369 3075 Bild
1393 3021 1461 3075 auch
1479 3022 1507 3074 in

279 3113 439 3167 ructationes
451 3114 498 3166 fiir
510 3113 554 3166 dis
567 3111 753 3167 Seelenloiden
768 3114 793 3181 (ᾗ
808 3113 866 3179 15);
886 3112 908 3179 I,
923 3114 974 3167 107
988 3128 1050 3165 vom
1064 3112 1134 3166 Grab
1146 3111 1299 3181 gebraucht.
1315 3143 1349 3150 -
1368 3116 1508 3165 aetuurcm

277 3201 354 3256 scibit
370 3201 506 3255 remeandi
521 3202 728 3271 receptaculum]
748 3201 818 3268 „der
834 3201 955 3270 Eingang
973 3218 1022 3255 zur
1040 3201 1142 3270 awigen
1160 3201 1274 3266 Ruhc“;
1299 3200 1392 3255 Cicero
1411 3200 1508 3269 hniipit

280 3309 314 3345 an
334 3291 393 3345 eine
411 3290 536 3358 Ansicht,
559 3291 657 3346 dicim
677 3294 767 3345 ersten
784 3290 861 3344 Buch
879 3291 973 3345 weitcr
990 3291 1149 3360 ausgelihrt
1166 3291 1213 3359 ist,
1237 3307 1279 3344 an.
1317 3290 1410 3346 Cicero
1433 3290 1507 3344 hatte

279 3381 338 3435 sich
363 3398 412 3434 zur
434 3381 493 3435 Zeit
515 3380 605 3434 seiner
629 3380 738 3435 heisten
762 3380 943 3450 Demiitignng
968 3381 1017 3433 mit
1041 3380 1344 3449 Selbstmordgodanhen
1367 3381 1507 3449 getragen3

281 3470 333 3539 vgl.
352 3471 374 3536 I,
393 3472 436 3525 84.
456 3502 489 3509 -
519 3470 679 3540 Tlmdoms]
704 3472 823 3539 genannt
842 3478 936 3536 ἄθεος,
962 3470 1014 3524 wie
1032 3470 1159 3539 Diagoras
1178 3470 1222 3540 (de
1241 3472 1294 3524 nat.
1315 3470 1386 3523 deor.
1405 3469 1428 3537 I,
1448 3470 1507 3537 63);

279 3558 473 3629 Iurimoobus,
493 3559 541 3613 der
558 3558 702 3627 Diadoohe,
721 3559 769 3613 der
786 3559 924 3628 Mitsieger·
940 3575 993 3613 von
1012 3560 1087 3627 Ipsos
1106 3562 1168 3629 (301
1187 3577 1213 3612 v.
1233 3559 1321 3627 (ihr),
1347 3559 1435 3627 witzig
1452 3558 1509 3627 gibt

278 3648 431 3703 Theodorus
450 3647 518 3701 auch
536 3648 558 3716 1,
578 3650 630 3704 102
648 3649 721 3703 aeine
740 3649 989 3717 Todesverachtung
1006 3649 1085 3702 kund.
1104 3680 1137 3688 -
1157 3648 1338 3717 cantharidis]
1357 3646 1507 3713 cauturus,

278 3737 322 3791 die
340 3737 481 3806 spanisohe
498 3737 596 3806 Fliege,
615 3737 675 3791 hier
692 3737 739 3791 das
757 3754 804 3792 aus
822 3738 866 3791 ihr
883 3754 1046 3807 gawonnene
1066 3738 1130 3793 Gitt.

354 3840 411 3882 rra.
430 3826 521 3896 Peras]
537 3827 619 3894 „dem
633 3827 748 3882 Perseus
754 3831 783 3895 “3
797 3827 867 3881 nach
880 3828 929 3881 der
941 3826 1067 3882 Schlacht
1080 3827 1123 3881 bei
1137 3828 1231 3896 Pydna
1242 3829 1293 3882 168
1301 3844 1327 3879 v.
1339 3825 1400 3881 Chr.
1417 3855 1449 3863 —
1464 3824 1508 3876 dc-

276 3916 415 3987 procouti]
434 3932 455 3970 s.
470 3934 504 3970 au
517 3919 532 3986 ξ
544 3917 588 3972 56.
601 3949 635 3957 -
654 3935 723 3987 quaa
740 3917 791 3986 qui
807 3917 968 3986 recordetur]
988 3918 1139 3971 recordatur
1157 3916 1243 3984 wenig
1261 3913 1437 3967 verschieden
1455 3927 1508 3965 von

280 4006 472 4072 recordabitur,
492 4008 567 4075 „und
586 4023 662 4060 wcnn
683 4006 740 4061 sich
758 4006 834 4061 einer
851 4023 886 4061 an
903 4006 946 4060 die
965 4007 1157 4076 ausgefiihrten
1176 4003 1320 4058 Godanhen
1338 4002 1489 4056 erinnert“.

350 4131 425 4199 Καρ.
441 4131 493 4188 41.
526 4132 668 4201 obtinetur]
683 4147 816 4200 synonym
831 4147 865 4184 zu
878 4137 1009 4185 sumatur.
1023 4163 1057 4171 —
1076 4129 1150 4183 bibat
1212 4127 1298 4196 about]
1314 4134 1380 4182 πῖθι
1394 4130 1409 4193 ἢ
1424 4130 1509 4179 ἄπιθι

278 4221 374 4289 („saut
387 4221 451 4275 oder
463 4220 565 4289 laui“)3
584 4221 634 4273 der
651 4220 776 4274 Latsiner
792 4220 890 4274 lronnte
909 4220 978 4274 auch
998 4219 1040 4274 ein
1059 4220 1131 4273 vivut
1149 4217 1339 4271 heraushdren.
1369 4214 1427 4268 Der
1439 4214 1508 4266 Ver-

278 4309 367 4379 gleich
385 4310 432 4364 des
450 4310 555 4364 Lebens
572 4312 622 4362 mit
640 4310 727 4363 einem
741 4309 877 4363 Gastmahl
894 4309 931 4363 ist
948 4310 1017 4363 auch
1035 4311 1110 4363 sonst
1127 4305 1315 4377 gebriiuohlioh
1334 4304 1426 4373 (diters
1440 4302 1508 4355 Dar·

280 4398 431 4468 stellungen
444 4414 497 4453 von
507 4398 692 4453 Gastmdhlem
705 4399 733 4452 in
747 4399 798 4453 dan
813 4398 996 4453 struslrischen
1010 4398 1197 4467 Nekropolen).
1208 4429 1242 4437 -
1255 4394 1424 4465 defuqieudo]
1440 4393 1508 4460 „da-

276 4488 375 4555 durch,
393 4488 453 4543 dals
469 4505 533 4542 man
551 4488 608 4542 sich
623 4488 770 4543 entaieht“.
785 4520 819 4528 -
837 4488 989 4557 relinquas]
1010 4487 1072 4557 „los
1091 4488 1235 4541 werdest“.
1255 4518 1289 4527 -
1308 4484 1447 4555 spucros

277 4577 477 4648 Hr'eronymus]
497 4578 551 4646 „In
570 4578 632 4631 dem
644 4577 800 4646 Bostreben,
819 4577 871 4630 den
885 4576 1033 4631 Menschen
1051 4576 1104 4631 irei
1122 4578 1168 4631 aui
1186 4576 1244 4631 sich
1262 4576 1345 4630 selbst
1363 4592 1396 4628 zu
1414 4573 1510 4628 stellen
