<?xml version="1.0" encoding="UTF-8"?>
<!DOCTYPE html PUBLIC "-//W3C//DTD XHTML 1.0 Transitional//EN"
    "http://www.w3.org/TR/xhtml1/DTD/xhtml1-transitional.dtd">
<html xmlns="http://www.w3.org/1999/xhtml" xml:lang="en" lang="en">
 <head>
  <title>
</title>
<meta http-equiv="Content-Type" content="text/html;charset=utf-8" />
  <meta name='ocr-system' content='tesseract 3.04.00' />
  <meta name='ocr-capabilities' content='ocr_page ocr_carea ocr_par ocr_line ocrx_word'/>
</head>
<body>
  <div class='ocr_page' id='page_1' title='image "./mtulliiciceroni71cicegoog/mtulliiciceroni71cicegoog_0047.png"; bbox 0 0 3642 5225; ppageno 0'>
   <div class='ocr_carea' id='block_1_1' title="bbox 736 539 1503 607">
    <p class='ocr_par' dir='ltr' id='par_1_1' title="bbox 736 539 1503 607">
     <span class='ocr_line' id='line_1_1' title="bbox 736 539 1503 607; baseline 0.005 -11"><span class='ocrx_word' id='word_1_1' title='bbox 736 539 794 596; x_wconf 88' lang='lat' dir='ltr'><strong>Lib.</strong></span> <span class='ocrx_word' id='word_1_2' title='bbox 813 539 864 607; x_wconf 83' lang='lat'>111,</span> <span class='ocrx_word' id='word_1_3' title='bbox 883 555 907 594; x_wconf 88' lang='lat' dir='ltr'>o.</span> <span class='ocrx_word' id='word_1_4' title='bbox 928 541 1041 597; x_wconf 78' lang='lat'>12-13.</span> <span class='ocrx_word' id='word_1_5' title='bbox 1467 539 1503 600; x_wconf 78' lang='lat' dir='ltr'>⁴ss</span> 
     </span>
    </p>
   </div>
   <div class='ocr_carea' id='block_1_2' title="bbox 273 701 1561 2715">
    <p class='ocr_par' dir='ltr' id='par_1_2' title="bbox 273 701 1546 1964">
     <span class='ocr_line' id='line_1_2' title="bbox 275 701 1505 785; baseline 0.002 -19"><span class='ocrx_word' id='word_1_6' title='bbox 275 702 365 768; x_wconf 90' lang='lat' dir='ltr'>Haec</span> <span class='ocrx_word' id='word_1_7' title='bbox 386 703 489 781; x_wconf 87' lang='lat' dir='ltr'>mala,</span> <span class='ocrx_word' id='word_1_8' title='bbox 518 722 536 768; x_wconf 97' lang='lat' dir='ltr'>o</span> <span class='ocrx_word' id='word_1_9' title='bbox 560 704 751 770; x_wconf 87' lang='lat' dir='ltr'>stultissime</span> <span class='ocrx_word' id='word_1_10' title='bbox 774 703 892 780; x_wconf 81' lang='lat' dir='ltr'>Aeeta,</span> <span class='ocrx_word' id='word_1_11' title='bbox 914 701 983 785; x_wconf 88' lang='lat' dir='ltr'>ipse</span> <span class='ocrx_word' id='word_1_12' title='bbox 1005 701 1064 767; x_wconf 81' lang='lat' dir='ltr'>tibi</span> <span class='ocrx_word' id='word_1_13' title='bbox 1088 702 1254 779; x_wconf 89' lang='lat' dir='ltr'>addidisti;</span> <span class='ocrx_word' id='word_1_14' title='bbox 1284 721 1349 768; x_wconf 94' lang='lat' dir='ltr'>non</span> <span class='ocrx_word' id='word_1_15' title='bbox 1377 702 1505 768; x_wconf 89' lang='lat' dir='ltr'>inerant</span> 
     </span>
     <span class='ocr_line' id='line_1_3' title="bbox 275 808 1504 893; baseline 0.002 -20"><span class='ocrx_word' id='word_1_16' title='bbox 275 809 308 873; x_wconf 94' lang='lat' dir='ltr'>in</span> <span class='ocrx_word' id='word_1_17' title='bbox 331 809 380 888; x_wconf 89' lang='lat' dir='ltr'>iis,</span> <span class='ocrx_word' id='word_1_18' title='bbox 404 829 486 893; x_wconf 86' lang='lat' dir='ltr'>qnae</span> <span class='ocrx_word' id='word_1_19' title='bbox 509 811 569 876; x_wconf 93' lang='lat' dir='ltr'>tibi</span> <span class='ocrx_word' id='word_1_20' title='bbox 582 830 687 876; x_wconf 90' lang='lat' dir='ltr'>casus</span> <span class='ocrx_word' id='word_1_21' title='bbox 709 811 882 887; x_wconf 79' lang='lat' dir='ltr'>invexerat,</span> <span class='ocrx_word' id='word_1_22' title='bbox 904 811 939 874; x_wconf 91' lang='lat' dir='ltr'>et</span> <span class='ocrx_word' id='word_1_23' title='bbox 962 808 1091 892; x_wconf 89' lang='lat' dir='ltr'>quidem</span> <span class='ocrx_word' id='word_1_24' title='bbox 1112 810 1289 876; x_wconf 75' lang='lat' dir='ltr'>inveterato</span> <span class='ocrx_word' id='word_1_25' title='bbox 1312 811 1407 889; x_wconf 91' lang='lat' dir='ltr'>malo,</span> <span class='ocrx_word' id='word_1_26' title='bbox 1430 829 1504 876; x_wconf 92' lang='lat' dir='ltr'>cum</span> 
     </span>
     <span class='ocr_line' id='line_1_4' title="bbox 275 916 1504 1003; baseline 0.002 -21"><span class='ocrx_word' id='word_1_27' title='bbox 275 918 383 982; x_wconf 89' lang='lat' dir='ltr'>tumor</span> <span class='ocrx_word' id='word_1_28' title='bbox 399 917 498 982; x_wconf 90' lang='lat' dir='ltr'>animi</span> <span class='ocrx_word' id='word_1_29' title='bbox 512 918 686 984; x_wconf 78' lang='lat' dir='ltr'><strong>resedisset</strong></span> <span class='ocrx_word' id='word_1_30' title='bbox 708 920 772 1003; x_wconf 88' lang='lat' dir='ltr'>(est</span> <span class='ocrx_word' id='word_1_31' title='bbox 787 919 896 983; x_wconf 84' lang='lat' dir='ltr'>autem</span> <span class='ocrx_word' id='word_1_32' title='bbox 911 916 1087 1000; x_wconf 80' lang='lat' dir='ltr'><strong>aegritudo,</strong></span> <span class='ocrx_word' id='word_1_33' title='bbox 1109 919 1147 983; x_wconf 90' lang='lat' dir='ltr'>ut</span> <span class='ocrx_word' id='word_1_34' title='bbox 1162 918 1287 997; x_wconf 91' lang='lat' dir='ltr'>docebo,</span> <span class='ocrx_word' id='word_1_35' title='bbox 1309 918 1344 982; x_wconf 92' lang='lat' dir='ltr'>in</span> <span class='ocrx_word' id='word_1_36' title='bbox 1359 917 1504 1001; x_wconf 88' lang='lat' dir='ltr'>opinions</span> 
     </span>
     <span class='ocr_line' id='line_1_5' title="bbox 274 1023 1504 1109; baseline 0 -19"><span class='ocrx_word' id='word_1_37' title='bbox 274 1023 353 1090; x_wconf 90' lang='lat' dir='ltr'>mali</span> <span class='ocrx_word' id='word_1_38' title='bbox 382 1025 534 1109; x_wconf 88' lang='lat' dir='ltr'>recenti);</span> <span class='ocrx_word' id='word_1_39' title='bbox 570 1025 626 1090; x_wconf 91' lang='lat' dir='ltr'>ssd</span> <span class='ocrx_word' id='word_1_40' title='bbox 657 1043 782 1091; x_wconf 90' lang='lat' dir='ltr'>maeres</span> <span class='ocrx_word' id='word_1_41' title='bbox 810 1023 959 1089; x_wconf 85' lang='lat' dir='ltr'>videlicet</span> <span class='ocrx_word' id='word_1_42' title='bbox 987 1024 1079 1106; x_wconf 88' lang='lat' dir='ltr'>regni</span> <span class='ocrx_word' id='word_1_43' title='bbox 1108 1024 1278 1103; x_wconf 87' lang='lat' dir='ltr'>desiderio,</span> <span class='ocrx_word' id='word_1_44' title='bbox 1310 1044 1375 1090; x_wconf 94' lang='lat' dir='ltr'>non</span> <span class='ocrx_word' id='word_1_45' title='bbox 1410 1025 1504 1091; x_wconf 89' lang='lat' dir='ltr'>filiae.</span> 
     </span>
     <span class='ocr_line' id='line_1_6' title="bbox 273 1130 1504 1215; baseline 0.002 -19"><span class='ocrx_word' id='word_1_46' title='bbox 273 1130 371 1196; x_wconf 90' lang='lat' dir='ltr'>Illam</span> <span class='ocrx_word' id='word_1_47' title='bbox 405 1133 490 1197; x_wconf 92' lang='lat' dir='ltr'>enim</span> <span class='ocrx_word' id='word_1_48' title='bbox 524 1132 636 1198; x_wconf 87' lang='lat' dir='ltr'>oderas</span> <span class='ocrx_word' id='word_1_49' title='bbox 670 1135 704 1198; x_wconf 90' lang='lat' dir='ltr'>et</span> <span class='ocrx_word' id='word_1_50' title='bbox 737 1133 806 1196; x_wconf 90' lang='lat' dir='ltr'>inre</span> <span class='ocrx_word' id='word_1_51' title='bbox 840 1131 995 1206; x_wconf 85' lang='lat' dir='ltr'>iortasse;</span> <span class='ocrx_word' id='word_1_52' title='bbox 1033 1149 1131 1214; x_wconf 89' lang='lat' dir='ltr'>regno</span> <span class='ocrx_word' id='word_1_53' title='bbox 1163 1150 1227 1196; x_wconf 90' lang='lat' dir='ltr'>non</span> <span class='ocrx_word' id='word_1_54' title='bbox 1261 1150 1363 1215; x_wconf 90' lang='lat' dir='ltr'>aequo</span> <span class='ocrx_word' id='word_1_55' title='bbox 1398 1132 1504 1198; x_wconf 88' lang='lat' dir='ltr'>animo</span> 
     </span>
     <span class='ocr_line' id='line_1_7' title="bbox 275 1239 1505 1323; baseline 0 -18"><span class='ocrx_word' id='word_1_56' title='bbox 275 1240 416 1305; x_wconf 90' lang='lat' dir='ltr'>carebas.</span> <span class='ocrx_word' id='word_1_57' title='bbox 452 1239 513 1305; x_wconf 82' lang='lat' dir='ltr'>Est</span> <span class='ocrx_word' id='word_1_58' title='bbox 528 1242 639 1305; x_wconf 88' lang='lat' dir='ltr'>autem</span> <span class='ocrx_word' id='word_1_59' title='bbox 653 1239 823 1323; x_wconf 89' lang='lat' dir='ltr'>impudens</span> <span class='ocrx_word' id='word_1_60' title='bbox 838 1239 946 1304; x_wconf 90' lang='lat' dir='ltr'>luctus</span> <span class='ocrx_word' id='word_1_61' title='bbox 968 1256 1112 1303; x_wconf 87' lang='lat' dir='ltr'>maerore</span> <span class='ocrx_word' id='word_1_62' title='bbox 1135 1256 1170 1303; x_wconf 93' lang='lat' dir='ltr'>se</span> <span class='ocrx_word' id='word_1_63' title='bbox 1193 1239 1397 1318; x_wconf 86' lang='lat' dir='ltr'>conficientis,</span> <span class='ocrx_word' id='word_1_64' title='bbox 1420 1240 1505 1323; x_wconf 90' lang='lat' dir='ltr'>quod</span> 
     </span>
     <span class='ocr_line' id='line_1_8' title="bbox 273 1344 1546 1431; baseline -0.003 -20"><span class='ocrx_word' id='word_1_65' title='bbox 273 1347 431 1431; x_wconf 88' lang='lat' dir='ltr'>imperare</span> <span class='ocrx_word' id='word_1_66' title='bbox 455 1365 518 1411; x_wconf 95' lang='lat' dir='ltr'>non</span> <span class='ocrx_word' id='word_1_67' title='bbox 537 1347 635 1413; x_wconf 89' lang='lat' dir='ltr'>liceat</span> <span class='ocrx_word' id='word_1_68' title='bbox 657 1346 775 1412; x_wconf 90' lang='lat' dir='ltr'>liberis.</span> <span class='ocrx_word' id='word_1_69' title='bbox 821 1344 994 1428; x_wconf 85' lang='lat' dir='ltr'>Dionysius</span> <span class='ocrx_word' id='word_1_70' title='bbox 1018 1344 1148 1427; x_wconf 88' lang='lat' dir='ltr'>quidem</span> <span class='ocrx_word' id='word_1_71' title='bbox 1162 1346 1319 1428; x_wconf 84' lang='lat' dir='ltr'>tyrannus</span> <span class='ocrx_word' id='word_1_72' title='bbox 1336 1344 1504 1429; x_wconf 85' lang='lat' dir='ltr'>Syracusis</span> <span class='ocrx_word' id='word_1_73' title='bbox 1515 1365 1546 1408; x_wconf 80' lang='lat' dir='ltr'>ss</span> 
     </span>
     <span class='ocr_line' id='line_1_9' title="bbox 275 1452 1504 1538; baseline 0 -20"><span class='ocrx_word' id='word_1_74' title='bbox 275 1455 427 1538; x_wconf 84' lang='lat' dir='ltr'>expulsus</span> <span class='ocrx_word' id='word_1_75' title='bbox 451 1453 598 1521; x_wconf 82' lang='lat' dir='ltr'>Corinthi</span> <span class='ocrx_word' id='word_1_76' title='bbox 625 1472 742 1538; x_wconf 88' lang='lat' dir='ltr'>pueros</span> <span class='ocrx_word' id='word_1_77' title='bbox 772 1453 921 1528; x_wconf 86' lang='lat' dir='ltr'>docebat;</span> <span class='ocrx_word' id='word_1_78' title='bbox 950 1470 1053 1534; x_wconf 89' lang='lat' dir='ltr'>usque</span> <span class='ocrx_word' id='word_1_79' title='bbox 1083 1470 1119 1518; x_wconf 90' lang='lat' dir='ltr'>eo</span> <span class='ocrx_word' id='word_1_80' title='bbox 1148 1452 1280 1536; x_wconf 88' lang='lat' dir='ltr'>imperio</span> <span class='ocrx_word' id='word_1_81' title='bbox 1311 1471 1418 1518; x_wconf 91' lang='lat' dir='ltr'>carere</span> <span class='ocrx_word' id='word_1_82' title='bbox 1440 1472 1504 1518; x_wconf 94' lang='lat' dir='ltr'>non</span> 
     </span>
     <span class='ocr_line' id='line_1_10' title="bbox 274 1559 1506 1645; baseline -0.001 -19"><span class='ocrx_word' id='word_1_83' title='bbox 274 1563 410 1645; x_wconf 86' lang='lat' dir='ltr'>poterat</span> <span class='ocrx_word' id='word_1_84' title='bbox 440 1562 613 1645; x_wconf 87' lang='lat' dir='ltr'>Tarquinio</span> <span class='ocrx_word' id='word_1_85' title='bbox 635 1560 803 1644; x_wconf 86' lang='lat' dir='ltr'>veroquid</span> <span class='ocrx_word' id='word_1_86' title='bbox 825 1559 1053 1643; x_wconf 89' lang='lat' dir='ltr'>impudentius,</span> <span class='ocrx_word' id='word_1_87' title='bbox 1077 1559 1132 1643; x_wconf 91' lang='lat' dir='ltr'>qui</span> <span class='ocrx_word' id='word_1_88' title='bbox 1153 1559 1275 1625; x_wconf 90' lang='lat' dir='ltr'>bellum</span> <span class='ocrx_word' id='word_1_89' title='bbox 1290 1562 1416 1642; x_wconf 77' lang='lat' dir='ltr'>gereret</span> <span class='ocrx_word' id='word_1_90' title='bbox 1431 1579 1506 1625; x_wconf 89' lang='lat' dir='ltr'>oum</span> 
     </span>
     <span class='ocr_line' id='line_1_11' title="bbox 274 1666 1507 1751; baseline 0 -19"><span class='ocrx_word' id='word_1_91' title='bbox 274 1668 324 1745; x_wconf 93' lang='lat' dir='ltr'>iis,</span> <span class='ocrx_word' id='word_1_92' title='bbox 348 1669 404 1751; x_wconf 93' lang='lat' dir='ltr'>qui</span> <span class='ocrx_word' id='word_1_93' title='bbox 428 1669 496 1733; x_wconf 90' lang='lat' dir='ltr'>eius</span> <span class='ocrx_word' id='word_1_94' title='bbox 517 1688 582 1734; x_wconf 93' lang='lat' dir='ltr'>non</span> <span class='ocrx_word' id='word_1_95' title='bbox 597 1669 741 1734; x_wconf 89' lang='lat' dir='ltr'>tulerant</span> <span class='ocrx_word' id='word_1_96' title='bbox 761 1667 965 1751; x_wconf 79' lang='lat' dir='ltr'>superbiam?</span> <span class='ocrx_word' id='word_1_97' title='bbox 1010 1666 1044 1732; x_wconf 94' lang='lat' dir='ltr'>Is</span> <span class='ocrx_word' id='word_1_98' title='bbox 1067 1686 1142 1733; x_wconf 93' lang='lat' dir='ltr'>cum</span> <span class='ocrx_word' id='word_1_99' title='bbox 1164 1667 1293 1732; x_wconf 90' lang='lat' dir='ltr'>restitui</span> <span class='ocrx_word' id='word_1_100' title='bbox 1315 1667 1348 1731; x_wconf 93' lang='lat' dir='ltr'>in</span> <span class='ocrx_word' id='word_1_101' title='bbox 1371 1685 1507 1750; x_wconf 89' lang='lat' dir='ltr'>regnum</span> 
     </span>
     <span class='ocr_line' id='line_1_12' title="bbox 280 1772 1508 1857; baseline 0.001 -18"><span class='ocrx_word' id='word_1_102' title='bbox 280 1794 341 1840; x_wconf 92' lang='lat' dir='ltr'>nec</span> <span class='ocrx_word' id='word_1_103' title='bbox 364 1774 548 1839; x_wconf 87' lang='lat' dir='ltr'>Veientium</span> <span class='ocrx_word' id='word_1_104' title='bbox 579 1793 638 1839; x_wconf 88' lang='lat' dir='ltr'>neo</span> <span class='ocrx_word' id='word_1_105' title='bbox 660 1773 848 1839; x_wconf 85' lang='lat' dir='ltr'>Latinorum</span> <span class='ocrx_word' id='word_1_106' title='bbox 871 1774 969 1838; x_wconf 91' lang='lat' dir='ltr'>armis</span> <span class='ocrx_word' id='word_1_107' title='bbox 993 1774 1165 1857; x_wconf 86' lang='lat' dir='ltr'>potuisset,</span> <span class='ocrx_word' id='word_1_108' title='bbox 1194 1772 1312 1840; x_wconf 81' lang='lat' dir='ltr'>Cumas</span> <span class='ocrx_word' id='word_1_109' title='bbox 1335 1775 1508 1840; x_wconf 88' lang='lat' dir='ltr'>contulisse</span> 
     </span>
     <span class='ocr_line' id='line_1_13' title="bbox 283 1880 1414 1964; baseline 0.001 -19"><span class='ocrx_word' id='word_1_110' title='bbox 283 1900 317 1945; x_wconf 92' lang='lat' dir='ltr'>se</span> <span class='ocrx_word' id='word_1_111' title='bbox 341 1880 457 1945; x_wconf 87' lang='lat' dir='ltr'>dicitnr</span> <span class='ocrx_word' id='word_1_112' title='bbox 479 1882 576 1964; x_wconf 88' lang='lat' dir='ltr'>inque</span> <span class='ocrx_word' id='word_1_113' title='bbox 600 1899 637 1946; x_wconf 92' lang='lat' dir='ltr'>ea</span> <span class='ocrx_word' id='word_1_114' title='bbox 659 1881 738 1945; x_wconf 91' lang='lat' dir='ltr'>urbe</span> <span class='ocrx_word' id='word_1_115' title='bbox 762 1880 849 1944; x_wconf 89' lang='lat' dir='ltr'>senio</span> <span class='ocrx_word' id='word_1_116' title='bbox 872 1882 905 1945; x_wconf 90' lang='lat' dir='ltr'>et</span> <span class='ocrx_word' id='word_1_117' title='bbox 928 1880 1127 1964; x_wconf 82' lang='lat' dir='ltr'>aegritudine</span> <span class='ocrx_word' id='word_1_118' title='bbox 1150 1900 1220 1946; x_wconf 92' lang='lat' dir='ltr'>esse</span> <span class='ocrx_word' id='word_1_119' title='bbox 1242 1880 1414 1948; x_wconf 83' lang='lat' dir='ltr'>confectus.</span> 
     </span>
    </p>

    <p class='ocr_par' dir='ltr' id='par_1_3' title="bbox 280 1986 1561 2715">
     <span class='ocr_line' id='line_1_14' title="bbox 371 1986 1561 2071; baseline 0.002 -19"><span class='ocrx_word' id='word_1_120' title='bbox 371 1987 441 2053; x_wconf 90' lang='lat' dir='ltr'>Hoc</span> <span class='ocrx_word' id='word_1_121' title='bbox 463 1991 501 2053; x_wconf 92' lang='lat' dir='ltr'>tn</span> <span class='ocrx_word' id='word_1_122' title='bbox 522 1987 622 2071; x_wconf 89' lang='lat' dir='ltr'>igitur</span> <span class='ocrx_word' id='word_1_123' title='bbox 645 2006 755 2053; x_wconf 79' lang='lat' dir='ltr'>censes</span> <span class='ocrx_word' id='word_1_124' title='bbox 779 1986 916 2071; x_wconf 89' lang='lat' dir='ltr'>sapienti</span> <span class='ocrx_word' id='word_1_125' title='bbox 938 1986 1080 2053; x_wconf 87' lang='lat' dir='ltr'>accidere</span> <span class='ocrx_word' id='word_1_126' title='bbox 1103 2006 1211 2071; x_wconf 88' lang='lat' dir='ltr'>posse,</span> <span class='ocrx_word' id='word_1_127' title='bbox 1243 1990 1281 2053; x_wconf 89' lang='lat' dir='ltr'>ut</span> <span class='ocrx_word' id='word_1_128' title='bbox 1310 1989 1509 2071; x_wconf 86' lang='lat' dir='ltr'>aegritudine</span> <span class='ocrx_word' id='word_1_129' title='bbox 1519 1990 1561 2054; x_wconf 77' lang='lat'>1⁸</span> 
     </span>
     <span class='ocr_line' id='line_1_15' title="bbox 282 2093 1510 2180; baseline 0 -20"><span class='ocrx_word' id='word_1_130' title='bbox 282 2095 481 2180; x_wconf 89' lang='lat' dir='ltr'>opprimatur</span> <span class='ocrx_word' id='word_1_131' title='bbox 503 2095 535 2159; x_wconf 93' lang='lat' dir='ltr'>id</span> <span class='ocrx_word' id='word_1_132' title='bbox 559 2097 609 2160; x_wconf 88' lang='lat' dir='ltr'>est</span> <span class='ocrx_word' id='word_1_133' title='bbox 631 2094 785 2161; x_wconf 79' lang='lat' dir='ltr'>miseria?</span> <span class='ocrx_word' id='word_1_134' title='bbox 830 2093 916 2159; x_wconf 90' lang='lat' dir='ltr'>Nam</span> <span class='ocrx_word' id='word_1_135' title='bbox 939 2113 1013 2159; x_wconf 90' lang='lat' dir='ltr'>cum</span> <span class='ocrx_word' id='word_1_136' title='bbox 1036 2094 1138 2159; x_wconf 94' lang='lat' dir='ltr'>omnis</span> <span class='ocrx_word' id='word_1_137' title='bbox 1161 2095 1358 2178; x_wconf 88' lang='lat' dir='ltr'>perturbatio</span> <span class='ocrx_word' id='word_1_138' title='bbox 1380 2095 1510 2160; x_wconf 90' lang='lat' dir='ltr'>miseria</span> 
     </span>
     <span class='ocr_line' id='line_1_16' title="bbox 282 2200 1510 2285; baseline 0.001 -19"><span class='ocrx_word' id='word_1_139' title='bbox 282 2206 340 2280; x_wconf 78' lang='lat' dir='ltr'>est,</span> <span class='ocrx_word' id='word_1_140' title='bbox 364 2205 435 2266; x_wconf 83' lang='lat' dir='ltr'>tum</span> <span class='ocrx_word' id='word_1_141' title='bbox 452 2201 633 2268; x_wconf 88' lang='lat' dir='ltr'>carnificina</span> <span class='ocrx_word' id='word_1_142' title='bbox 649 2204 699 2267; x_wconf 91' lang='lat' dir='ltr'>est</span> <span class='ocrx_word' id='word_1_143' title='bbox 714 2201 889 2285; x_wconf 82' lang='lat' dir='ltr'>aegritudo.</span> <span class='ocrx_word' id='word_1_144' title='bbox 933 2200 1041 2266; x_wconf 81' lang='lat' dir='ltr'>Habet</span> <span class='ocrx_word' id='word_1_145' title='bbox 1057 2201 1203 2266; x_wconf 90' lang='lat' dir='ltr'>ardorem</span> <span class='ocrx_word' id='word_1_146' title='bbox 1217 2201 1322 2280; x_wconf 92' lang='lat' dir='ltr'>libido,</span> <span class='ocrx_word' id='word_1_147' title='bbox 1345 2202 1510 2267; x_wconf 72' lang='lat' dir='ltr'>lentatum</span> 
     </span>
     <span class='ocr_line' id='line_1_17' title="bbox 282 2307 1510 2393; baseline 0.002 -20"><span class='ocrx_word' id='word_1_148' title='bbox 282 2310 406 2374; x_wconf 90' lang='lat' dir='ltr'>laetitia</span> <span class='ocrx_word' id='word_1_149' title='bbox 429 2310 583 2392; x_wconf 87' lang='lat' dir='ltr'>gestiens,</span> <span class='ocrx_word' id='word_1_150' title='bbox 612 2309 831 2375; x_wconf 88' lang='lat' dir='ltr'>humilitatem</span> <span class='ocrx_word' id='word_1_151' title='bbox 854 2311 977 2388; x_wconf 86' lang='lat' dir='ltr'>metus,</span> <span class='ocrx_word' id='word_1_152' title='bbox 1001 2307 1055 2374; x_wconf 93' lang='lat' dir='ltr'>sed</span> <span class='ocrx_word' id='word_1_153' title='bbox 1081 2308 1245 2391; x_wconf 88' lang='lat' dir='ltr'>aegritudo</span> <span class='ocrx_word' id='word_1_154' title='bbox 1268 2308 1390 2375; x_wconf 90' lang='lat' dir='ltr'>maiora</span> <span class='ocrx_word' id='word_1_155' title='bbox 1413 2328 1510 2393; x_wconf 89' lang='lat' dir='ltr'>quae-</span> 
     </span>
     <span class='ocr_line' id='line_1_18' title="bbox 281 2414 1510 2497; baseline 0.002 -17"><span class='ocrx_word' id='word_1_156' title='bbox 281 2416 369 2495; x_wconf 89' lang='lat' dir='ltr'>dam,</span> <span class='ocrx_word' id='word_1_157' title='bbox 391 2417 516 2497; x_wconf 89' lang='lat' dir='ltr'>tabem,</span> <span class='ocrx_word' id='word_1_158' title='bbox 540 2416 731 2492; x_wconf 87' lang='lat' dir='ltr'>cruciatum,</span> <span class='ocrx_word' id='word_1_159' title='bbox 755 2414 1017 2494; x_wconf 83' lang='lat' dir='ltr'>adflictationem,</span> <span class='ocrx_word' id='word_1_160' title='bbox 1040 2414 1240 2494; x_wconf 84' lang='lat' dir='ltr'>foeditatem,</span> <span class='ocrx_word' id='word_1_161' title='bbox 1261 2417 1398 2496; x_wconf 87' lang='lat' dir='ltr'>lacerat,</span> <span class='ocrx_word' id='word_1_162' title='bbox 1421 2418 1510 2482; x_wconf 86' lang='lat' dir='ltr'>exest</span> 
     </span>
     <span class='ocr_line' id='line_1_19' title="bbox 282 2522 1509 2608; baseline 0.001 -20"><span class='ocrx_word' id='word_1_163' title='bbox 282 2525 426 2589; x_wconf 90' lang='lat' dir='ltr'>animum</span> <span class='ocrx_word' id='word_1_164' title='bbox 449 2525 607 2608; x_wconf 89' lang='lat' dir='ltr'>planeque</span> <span class='ocrx_word' id='word_1_165' title='bbox 631 2524 765 2589; x_wconf 88' lang='lat' dir='ltr'>conficit.</span> <span class='ocrx_word' id='word_1_166' title='bbox 809 2522 902 2587; x_wconf 90' lang='lat' dir='ltr'>Hanc</span> <span class='ocrx_word' id='word_1_167' title='bbox 925 2523 988 2587; x_wconf 92' lang='lat' dir='ltr'>nisi</span> <span class='ocrx_word' id='word_1_168' title='bbox 1011 2524 1156 2588; x_wconf 82' lang='lat' dir='ltr'>exuimus</span> <span class='ocrx_word' id='word_1_169' title='bbox 1180 2524 1234 2602; x_wconf 91' lang='lat' dir='ltr'>sic,</span> <span class='ocrx_word' id='word_1_170' title='bbox 1264 2525 1302 2588; x_wconf 89' lang='lat' dir='ltr'>ut</span> <span class='ocrx_word' id='word_1_171' title='bbox 1325 2523 1509 2602; x_wconf 70' lang='lat' dir='ltr'>abiciamus,</span> 
     </span>
     <span class='ocr_line' id='line_1_20' title="bbox 280 2632 826 2715; baseline -0.005 -18"><span class='ocrx_word' id='word_1_172' title='bbox 280 2632 409 2697; x_wconf 89' lang='lat' dir='ltr'>miseria</span> <span class='ocrx_word' id='word_1_173' title='bbox 432 2651 539 2697; x_wconf 88' lang='lat' dir='ltr'>carere</span> <span class='ocrx_word' id='word_1_174' title='bbox 562 2650 625 2696; x_wconf 94' lang='lat' dir='ltr'>non</span> <span class='ocrx_word' id='word_1_175' title='bbox 647 2649 826 2715; x_wconf 89' lang='lat' dir='ltr'>possumus.</span> 
     </span>
    </p>
   </div>
   <div class='ocr_carea' id='block_1_3' title="bbox 278 2841 1511 4251">
    <p class='ocr_par' dir='ltr' id='par_1_4' title="bbox 279 2841 1511 3537">
     <span class='ocr_line' id='line_1_21' title="bbox 281 2841 1508 2911; baseline 0 -14"><span class='ocrx_word' id='word_1_176' title='bbox 281 2842 421 2898; x_wconf 82' lang='lat' dir='ltr'>Gesichtes</span> <span class='ocrx_word' id='word_1_177' title='bbox 438 2842 635 2899; x_wconf 81' lang='lat' dir='ltr'>Unsauberheit</span> <span class='ocrx_word' id='word_1_178' title='bbox 653 2842 760 2911; x_wconf 81' lang='lat' dir='ltr'>(situm)</span> <span class='ocrx_word' id='word_1_179' title='bbox 779 2858 832 2896; x_wconf 87' lang='lat' dir='ltr'>von</span> <span class='ocrx_word' id='word_1_180' title='bbox 850 2841 978 2897; x_wconf 81' lang='lat' dir='ltr'>Schmuta</span> <span class='ocrx_word' id='word_1_181' title='bbox 997 2842 1135 2896; x_wconf 87' lang='lat' dir='ltr'>storrende</span> <span class='ocrx_word' id='word_1_182' title='bbox 1160 2841 1361 2911; x_wconf 87' lang='lat' dir='ltr'>ungeschorene</span> <span class='ocrx_word' id='word_1_183' title='bbox 1379 2842 1445 2897; x_wconf 87' lang='lat' dir='ltr'>Bart</span> <span class='ocrx_word' id='word_1_184' title='bbox 1462 2842 1508 2897; x_wconf 88' lang='lat' dir='ltr'>be·</span> 
     </span>
     <span class='ocr_line' id='line_1_22' title="bbox 280 2931 1509 3002; baseline -0.001 -15"><span class='ocrx_word' id='word_1_185' title='bbox 280 2934 358 2988; x_wconf 88' lang='lat' dir='ltr'>deoht</span> <span class='ocrx_word' id='word_1_186' title='bbox 379 2933 430 2987; x_wconf 87' lang='lat' dir='ltr'>mit</span> <span class='ocrx_word' id='word_1_187' title='bbox 447 2934 535 2989; x_wconf 86' lang='lat' dir='ltr'>Unrat</span> <span class='ocrx_word' id='word_1_188' title='bbox 557 2933 600 2987; x_wconf 89' lang='lat' dir='ltr'>die</span> <span class='ocrx_word' id='word_1_189' title='bbox 624 2931 794 2988; x_wconf 76' lang='lat' dir='ltr'>verwilderte</span> <span class='ocrx_word' id='word_1_190' title='bbox 812 2931 926 2986; x_wconf 83' lang='lat' dir='ltr'>Brost“.</span> <span class='ocrx_word' id='word_1_191' title='bbox 954 2962 990 2971; x_wconf 98' lang='lat'>-</span> <span class='ocrx_word' id='word_1_192' title='bbox 1016 2932 1219 3002; x_wconf 74' lang='lat' dir='ltr'>cataldisso‘ma]</span> <span class='ocrx_word' id='word_1_193' title='bbox 1238 2931 1306 2987; x_wconf 77' lang='lat' dir='ltr'>Eine</span> <span class='ocrx_word' id='word_1_194' title='bbox 1329 2932 1419 2987; x_wconf 90' lang='lat' dir='ltr'>solche</span> <span class='ocrx_word' id='word_1_195' title='bbox 1437 2935 1509 3002; x_wconf 85' lang='lat' dir='ltr'>Apo·</span> 
     </span>
     <span class='ocr_line' id='line_1_23' title="bbox 280 3019 1509 3091; baseline -0.001 -15"><span class='ocrx_word' id='word_1_196' title='bbox 280 3022 389 3091; x_wconf 86' lang='lat' dir='ltr'>strophe</span> <span class='ocrx_word' id='word_1_197' title='bbox 406 3021 492 3076; x_wconf 85' lang='lat' dir='ltr'>durch</span> <span class='ocrx_word' id='word_1_198' title='bbox 510 3022 563 3075; x_wconf 88' lang='lat' dir='ltr'>den</span> <span class='ocrx_word' id='word_1_199' title='bbox 582 3020 746 3075; x_wconf 88' lang='lat' dir='ltr'>zitierenden</span> <span class='ocrx_word' id='word_1_200' title='bbox 765 3019 960 3075; x_wconf 82' lang='lat' dir='ltr'>Schriftsteller</span> <span class='ocrx_word' id='word_1_201' title='bbox 977 3020 1013 3073; x_wconf 83' lang='lat' dir='ltr'>isi</span> <span class='ocrx_word' id='word_1_202' title='bbox 1030 3020 1105 3075; x_wconf 91' lang='lat' dir='ltr'>nicht</span> <span class='ocrx_word' id='word_1_203' title='bbox 1122 3021 1222 3090; x_wconf 80' lang='lat' dir='ltr'>selten3</span> <span class='ocrx_word' id='word_1_204' title='bbox 1241 3020 1319 3075; x_wconf 87' lang='lat' dir='ltr'>dabei</span> <span class='ocrx_word' id='word_1_205' title='bbox 1337 3022 1373 3075; x_wconf 90' lang='lat' dir='ltr'>ist</span> <span class='ocrx_word' id='word_1_206' title='bbox 1390 3021 1439 3075; x_wconf 88' lang='lat' dir='ltr'>der</span> <span class='ocrx_word' id='word_1_207' title='bbox 1457 3022 1509 3076; x_wconf 82' lang='lat' dir='ltr'>Ge·</span> 
     </span>
     <span class='ocr_line' id='line_1_24' title="bbox 281 3108 1510 3180; baseline -0.001 -15"><span class='ocrx_word' id='word_1_208' title='bbox 281 3110 382 3165; x_wconf 86' lang='lat' dir='ltr'>brauoh</span> <span class='ocrx_word' id='word_1_209' title='bbox 405 3128 459 3165; x_wconf 82' lang='lat' dir='ltr'>von</span> <span class='ocrx_word' id='word_1_210' title='bbox 482 3129 498 3165; x_wconf 89' lang='lat' dir='ltr'>c</span> <span class='ocrx_word' id='word_1_211' title='bbox 522 3110 652 3180; x_wconf 74' lang='lat' dir='ltr'>gelduiig3</span> <span class='ocrx_word' id='word_1_212' title='bbox 680 3110 723 3164; x_wconf 89' lang='lat' dir='ltr'>die</span> <span class='ocrx_word' id='word_1_213' title='bbox 747 3109 936 3164; x_wconf 83' lang='lat' dir='ltr'>unmittelbare</span> <span class='ocrx_word' id='word_1_214' title='bbox 954 3108 1130 3179; x_wconf 89' lang='lat' dir='ltr'>Verbindung</span> <span class='ocrx_word' id='word_1_215' title='bbox 1147 3110 1195 3164; x_wconf 88' lang='lat' dir='ltr'>dos</span> <span class='ocrx_word' id='word_1_216' title='bbox 1213 3110 1352 3178; x_wconf 80' lang='lat' dir='ltr'>Adjehtivs</span> <span class='ocrx_word' id='word_1_217' title='bbox 1377 3110 1427 3164; x_wconf 87' lang='lat' dir='ltr'>mit</span> <span class='ocrx_word' id='word_1_218' title='bbox 1448 3110 1510 3165; x_wconf 89' lang='lat' dir='ltr'>dem</span> 
     </span>
     <span class='ocr_line' id='line_1_25' title="bbox 280 3197 1510 3269; baseline -0.002 -14"><span class='ocrx_word' id='word_1_219' title='bbox 280 3200 463 3269; x_wconf 75' lang='lat' dir='ltr'>Eigeunamen</span> <span class='ocrx_word' id='word_1_220' title='bbox 486 3200 581 3255; x_wconf 84' lang='lat' dir='ltr'>selten.</span> <span class='ocrx_word' id='word_1_221' title='bbox 607 3231 642 3240; x_wconf 97' lang='lat'><em>-</em></span> <span class='ocrx_word' id='word_1_222' title='bbox 669 3215 738 3267; x_wconf 79' lang='lat' dir='ltr'>quaa</span> <span class='ocrx_word' id='word_1_223' title='bbox 764 3198 818 3251; x_wconf 82' lang='lat' dir='ltr'>tibi</span> <span class='ocrx_word' id='word_1_224' title='bbox 923 3197 1070 3268; x_wconf 72' lang='lat' dir='ltr'>invocarat]</span> <span class='ocrx_word' id='word_1_225' title='bbox 1099 3199 1211 3266; x_wconf 82' lang='lat' dir='ltr'>„womit</span> <span class='ocrx_word' id='word_1_226' title='bbox 1238 3198 1300 3252; x_wconf 87' lang='lat' dir='ltr'>dioh</span> <span class='ocrx_word' id='word_1_227' title='bbox 1323 3198 1510 3268; x_wconf 86' lang='lat' dir='ltr'>heimgesucht</span> 
     </span>
     <span class='ocr_line' id='line_1_26' title="bbox 279 3285 1511 3359; baseline 0.001 -16"><span class='ocrx_word' id='word_1_228' title='bbox 279 3290 353 3343; x_wconf 79' lang='lat' dir='ltr'>hatte</span> <span class='ocrx_word' id='word_1_229' title='bbox 373 3293 442 3344; x_wconf 83' lang='lat'><strong>...“.</strong></span> <span class='ocrx_word' id='word_1_230' title='bbox 462 3321 496 3330; x_wconf 96' lang='lat'><em>-</em></span> <span class='ocrx_word' id='word_1_231' title='bbox 514 3289 650 3359; x_wconf 66' lang='lat' dir='ltr'>dapacrc</span> <span class='ocrx_word' id='word_1_232' title='bbox 731 3286 836 3356; x_wconf 73' lang='lat' dir='ltr'>liberab]</span> <span class='ocrx_word' id='word_1_233' title='bbox 855 3286 924 3341; x_wconf 86' lang='lat' dir='ltr'>iiber</span> <span class='ocrx_word' id='word_1_234' title='bbox 937 3286 1028 3354; x_wconf 80' lang='lat' dir='ltr'>Ieute,</span> <span class='ocrx_word' id='word_1_235' title='bbox 1046 3286 1090 3341; x_wconf 89' lang='lat' dir='ltr'>die</span> <span class='ocrx_word' id='word_1_236' title='bbox 1108 3285 1257 3355; x_wconf 85' lang='lat' dir='ltr'>bereohtigt</span> <span class='ocrx_word' id='word_1_237' title='bbox 1270 3287 1337 3355; x_wconf 85' lang='lat' dir='ltr'>sind,</span> <span class='ocrx_word' id='word_1_238' title='bbox 1356 3288 1414 3341; x_wconf 91' lang='lat' dir='ltr'>sich</span> <span class='ocrx_word' id='word_1_239' title='bbox 1427 3288 1511 3344; x_wconf 82' lang='lat' dir='ltr'>selbst</span> 
     </span>
     <span class='ocr_line' id='line_1_27' title="bbox 279 3375 1510 3449; baseline -0.001 -15"><span class='ocrx_word' id='word_1_240' title='bbox 279 3396 313 3433; x_wconf 82' lang='lat' dir='ltr'>nn</span> <span class='ocrx_word' id='word_1_241' title='bbox 332 3378 467 3449; x_wconf 82' lang='lat' dir='ltr'>regieren3</span> <span class='ocrx_word' id='word_1_242' title='bbox 486 3379 535 3432; x_wconf 89' lang='lat' dir='ltr'>der</span> <span class='ocrx_word' id='word_1_243' title='bbox 553 3375 735 3446; x_wconf 86' lang='lat' dir='ltr'>Gemeinplatz</span> <span class='ocrx_word' id='word_1_244' title='bbox 753 3391 838 3445; x_wconf 82' lang='lat' dir='ltr'>gagen</span> <span class='ocrx_word' id='word_1_245' title='bbox 856 3376 908 3430; x_wconf 86' lang='lat' dir='ltr'>den</span> <span class='ocrx_word' id='word_1_246' title='bbox 926 3393 973 3430; x_wconf 79' lang='lat' dir='ltr'>rac</span> <span class='ocrx_word' id='word_1_247' title='bbox 991 3377 1144 3447; x_wconf 69' lang='lat' dir='ltr'>(tyrannus,</span> <span class='ocrx_word' id='word_1_248' title='bbox 1163 3376 1303 3446; x_wconf 72' lang='lat' dir='ltr'>ducamus)</span> <span class='ocrx_word' id='word_1_249' title='bbox 1328 3375 1432 3431; x_wconf 74' lang='lat' dir='ltr'>enthdlt</span> <span class='ocrx_word' id='word_1_250' title='bbox 1450 3376 1510 3433; x_wconf 85' lang='lat' dir='ltr'>eine</span> 
     </span>
     <span class='ocr_line' id='line_1_28' title="bbox 279 3465 797 3537; baseline -0.008 -14"><span class='ocrx_word' id='word_1_251' title='bbox 279 3467 441 3537; x_wconf 87' lang='lat' dir='ltr'>vorsiohtige</span> <span class='ocrx_word' id='word_1_252' title='bbox 459 3466 625 3536; x_wconf 85' lang='lat' dir='ltr'>Auspielung</span> <span class='ocrx_word' id='word_1_253' title='bbox 643 3467 690 3520; x_wconf 81' lang='lat' dir='ltr'>auf</span> <span class='ocrx_word' id='word_1_254' title='bbox 708 3465 797 3521; x_wconf 74' lang='lat' dir='ltr'>Oisar.</span> 
     </span>
    </p>

    <p class='ocr_par' dir='ltr' id='par_1_5' title="bbox 278 3554 1510 4251">
     <span class='ocr_line' id='line_1_29' title="bbox 352 3554 1509 3626; baseline -0.001 -14"><span class='ocrx_word' id='word_1_255' title='bbox 352 3570 393 3612; x_wconf 78' lang='lat' dir='ltr'>aa.</span> <span class='ocrx_word' id='word_1_256' title='bbox 412 3555 575 3626; x_wconf 63' lang='lat' dir='ltr'>Mysius]</span> <span class='ocrx_word' id='word_1_257' title='bbox 594 3556 642 3609; x_wconf 88' lang='lat' dir='ltr'>der</span> <span class='ocrx_word' id='word_1_258' title='bbox 659 3556 778 3625; x_wconf 86' lang='lat' dir='ltr'>Jiingere</span> <span class='ocrx_word' id='word_1_259' title='bbox 795 3554 884 3609; x_wconf 82' lang='lat' dir='ltr'>weilte</span> <span class='ocrx_word' id='word_1_260' title='bbox 902 3555 972 3609; x_wconf 90' lang='lat' dir='ltr'>nach</span> <span class='ocrx_word' id='word_1_261' title='bbox 990 3555 1079 3610; x_wconf 88' lang='lat' dir='ltr'>seiner</span> <span class='ocrx_word' id='word_1_262' title='bbox 1097 3556 1210 3610; x_wconf 83' lang='lat' dir='ltr'>nweiien</span> <span class='ocrx_word' id='word_1_263' title='bbox 1227 3556 1408 3626; x_wconf 84' lang='lat' dir='ltr'>Vertreibung</span> <span class='ocrx_word' id='word_1_264' title='bbox 1425 3557 1509 3611; x_wconf 89' lang='lat' dir='ltr'>durch</span> 
     </span>
     <span class='ocr_line' id='line_1_30' title="bbox 279 3645 1509 3716; baseline 0 -14"><span class='ocrx_word' id='word_1_265' title='bbox 279 3646 415 3702; x_wconf 76' lang='lat' dir='ltr'>Timoleon</span> <span class='ocrx_word' id='word_1_266' title='bbox 433 3647 507 3716; x_wconf 78' lang='lat'><strong>(343)</strong></span> <span class='ocrx_word' id='word_1_267' title='bbox 526 3662 560 3700; x_wconf 84' lang='lat' dir='ltr'>nu</span> <span class='ocrx_word' id='word_1_268' title='bbox 577 3646 700 3700; x_wconf 87' lang='lat' dir='ltr'>Korinth.</span> <span class='ocrx_word' id='word_1_269' title='bbox 737 3645 820 3700; x_wconf 90' lang='lat' dir='ltr'>Beide</span> <span class='ocrx_word' id='word_1_270' title='bbox 837 3645 972 3715; x_wconf 89' lang='lat' dir='ltr'>Beispiele</span> <span class='ocrx_word' id='word_1_271' title='bbox 990 3645 1092 3715; x_wconf 86' lang='lat' dir='ltr'>zeigen,</span> <span class='ocrx_word' id='word_1_272' title='bbox 1110 3646 1161 3700; x_wconf 87' lang='lat' dir='ltr'>wie</span> <span class='ocrx_word' id='word_1_273' title='bbox 1180 3646 1284 3701; x_wconf 83' lang='lat' dir='ltr'>schwer</span> <span class='ocrx_word' id='word_1_274' title='bbox 1302 3662 1332 3701; x_wconf 89' lang='lat' dir='ltr'>es</span> <span class='ocrx_word' id='word_1_275' title='bbox 1349 3648 1424 3716; x_wconf 86' lang='lat' dir='ltr'>wird,</span> <span class='ocrx_word' id='word_1_276' title='bbox 1449 3648 1509 3702; x_wconf 91' lang='lat' dir='ltr'>sioh</span> 
     </span>
     <span class='ocr_line' id='line_1_31' title="bbox 278 3734 1507 3807; baseline -0.006 -17"><span class='ocrx_word' id='word_1_277' title='bbox 278 3752 332 3790; x_wconf 82' lang='lat' dir='ltr'>von</span> <span class='ocrx_word' id='word_1_278' title='bbox 350 3736 399 3791; x_wconf 86' lang='lat' dir='ltr'>der</span> <span class='ocrx_word' id='word_1_279' title='bbox 416 3735 641 3806; x_wconf 88' lang='lat' dir='ltr'>eingewurzelten</span> <span class='ocrx_word' id='word_1_280' title='bbox 659 3734 858 3789; x_wconf 88' lang='lat' dir='ltr'>Herrschsuoht</span> <span class='ocrx_word' id='word_1_281' title='bbox 879 3734 1088 3789; x_wconf 72' lang='lat' dir='ltr'>heizumaohen.</span> <span class='ocrx_word' id='word_1_282' title='bbox 1117 3765 1150 3775; x_wconf 91' lang='lat'>-</span> <span class='ocrx_word' id='word_1_283' title='bbox 1178 3753 1262 3805; x_wconf 77' lang='lat' dir='ltr'>usqae</span> <span class='ocrx_word' id='word_1_284' title='bbox 1279 3754 1308 3791; x_wconf 84' lang='lat' dir='ltr'>co</span> <span class='ocrx_word' id='word_1_285' title='bbox 1387 3739 1454 3807; x_wconf 74' lang='lat' dir='ltr'>noa]</span> <span class='ocrx_word' id='word_1_286' title='bbox 1474 3763 1507 3783; x_wconf 80' lang='lat'><em>=</em></span> 
     </span>
     <span class='ocr_line' id='line_1_32' title="bbox 278 3822 1509 3896; baseline 0 -16"><span class='ocrx_word' id='word_1_287' title='bbox 278 3826 344 3880; x_wconf 76' lang='lat' dir='ltr'>adeo</span> <span class='ocrx_word' id='word_1_288' title='bbox 361 3842 418 3880; x_wconf 80' lang='lat' dir='ltr'>non</span> <span class='ocrx_word' id='word_1_289' title='bbox 443 3841 495 3896; x_wconf 81' lang='lat' dir='ltr'>„so</span> <span class='ocrx_word' id='word_1_290' title='bbox 513 3825 632 3894; x_wconf 83' lang='lat' dir='ltr'>wenig“.</span> <span class='ocrx_word' id='word_1_291' title='bbox 656 3854 692 3864; x_wconf 92' lang='lat'>-</span> <span class='ocrx_word' id='word_1_292' title='bbox 714 3824 765 3893; x_wconf 79' lang='lat' dir='ltr'>qai</span> <span class='ocrx_word' id='word_1_293' title='bbox 841 3826 952 3894; x_wconf 65' lang='lat' dir='ltr'>caera]</span> <span class='ocrx_word' id='word_1_294' title='bbox 972 3822 1177 3893; x_wconf 86' lang='lat' dir='ltr'>begriindender</span> <span class='ocrx_word' id='word_1_295' title='bbox 1195 3824 1365 3879; x_wconf 86' lang='lat' dir='ltr'>Relativsatz.</span> <span class='ocrx_word' id='word_1_296' title='bbox 1391 3857 1422 3867; x_wconf 96' lang='lat'>-</span> <span class='ocrx_word' id='word_1_297' title='bbox 1450 3825 1509 3880; x_wconf 88' lang='lat' dir='ltr'>Hoc</span> 
     </span>
     <span class='ocr_line' id='line_1_33' title="bbox 278 3912 1508 3985; baseline 0 -17"><span class='ocrx_word' id='word_1_298' title='bbox 278 3920 310 3969; x_wconf 81' lang='lat' dir='ltr'>ta</span> <span class='ocrx_word' id='word_1_299' title='bbox 331 3914 428 3985; x_wconf 74' lang='lat' dir='ltr'>igitar]</span> <span class='ocrx_word' id='word_1_300' title='bbox 457 3914 509 3969; x_wconf 85' lang='lat' dir='ltr'>Die</span> <span class='ocrx_word' id='word_1_301' title='bbox 527 3913 689 3968; x_wconf 90' lang='lat' dir='ltr'>Pronomina</span> <span class='ocrx_word' id='word_1_302' title='bbox 714 3914 824 3968; x_wconf 81' lang='lat' dir='ltr'>werden</span> <span class='ocrx_word' id='word_1_303' title='bbox 851 3929 934 3983; x_wconf 87' lang='lat' dir='ltr'>gerne</span> <span class='ocrx_word' id='word_1_304' title='bbox 962 3912 1223 3983; x_wconf 83' lang='lat' dir='ltr'>zusammengestellt</span> <span class='ocrx_word' id='word_1_305' title='bbox 1250 3913 1312 3983; x_wconf 88' lang='lat' dir='ltr'>(vgl.</span> <span class='ocrx_word' id='word_1_306' title='bbox 1341 3913 1508 3969; x_wconf 85' lang='lat' dir='ltr'>romanische</span> 
     </span>
     <span class='ocr_line' id='line_1_34' title="bbox 279 4001 1508 4073; baseline -0.002 -15"><span class='ocrx_word' id='word_1_307' title='bbox 279 4003 441 4073; x_wconf 69' lang='lat' dir='ltr'>semeher),</span> <span class='ocrx_word' id='word_1_308' title='bbox 466 4022 488 4057; x_wconf 86' lang='lat' dir='ltr'>z.</span> <span class='ocrx_word' id='word_1_309' title='bbox 508 4003 539 4058; x_wconf 93' lang='lat' dir='ltr'>B.</span> <span class='ocrx_word' id='word_1_310' title='bbox 558 4004 595 4071; x_wconf 89' lang='lat' dir='ltr'>H,</span> <span class='ocrx_word' id='word_1_311' title='bbox 618 4004 661 4059; x_wconf 83' lang='lat' dir='ltr'>lb:</span> <span class='ocrx_word' id='word_1_312' title='bbox 681 4018 757 4072; x_wconf 85' lang='lat' dir='ltr'>„quo</span> <span class='ocrx_word' id='word_1_313' title='bbox 777 4018 809 4056; x_wconf 89' lang='lat' dir='ltr'>ea</span> <span class='ocrx_word' id='word_1_314' title='bbox 826 4018 870 4057; x_wconf 88' lang='lat' dir='ltr'>me</span> <span class='ocrx_word' id='word_1_315' title='bbox 889 4018 1004 4072; x_wconf 86' lang='lat' dir='ltr'>eumque</span> <span class='ocrx_word' id='word_1_316' title='bbox 1022 4001 1110 4070; x_wconf 85' lang='lat' dir='ltr'>ducet,</span> <span class='ocrx_word' id='word_1_317' title='bbox 1129 4005 1262 4072; x_wconf 79' lang='lat' dir='ltr'>sequar“;</span> <span class='ocrx_word' id='word_1_318' title='bbox 1290 4018 1319 4057; x_wconf 86' lang='lat' dir='ltr'>es</span> <span class='ocrx_word' id='word_1_319' title='bbox 1337 4002 1431 4057; x_wconf 82' lang='lat' dir='ltr'>finden</span> <span class='ocrx_word' id='word_1_320' title='bbox 1449 4002 1508 4057; x_wconf 93' lang='lat' dir='ltr'>sich</span> 
     </span>
     <span class='ocr_line' id='line_1_35' title="bbox 279 4090 1510 4161; baseline 0.001 -15"><span class='ocrx_word' id='word_1_321' title='bbox 279 4092 322 4148; x_wconf 88' lang='lat' dir='ltr'>die</span> <span class='ocrx_word' id='word_1_322' title='bbox 340 4092 510 4147; x_wconf 81' lang='lat' dir='ltr'>Nominative</span> <span class='ocrx_word' id='word_1_323' title='bbox 528 4093 577 4148; x_wconf 88' lang='lat' dir='ltr'>der</span> <span class='ocrx_word' id='word_1_324' title='bbox 594 4090 880 4161; x_wconf 87' lang='lat' dir='ltr'>Personalpronomina</span> <span class='ocrx_word' id='word_1_325' title='bbox 897 4092 968 4146; x_wconf 90' lang='lat' dir='ltr'>dann</span> <span class='ocrx_word' id='word_1_326' title='bbox 994 4091 1075 4158; x_wconf 87' lang='lat' dir='ltr'>auch,</span> <span class='ocrx_word' id='word_1_327' title='bbox 1102 4107 1144 4145; x_wconf 78' lang='lat' dir='ltr'>wo</span> <span class='ocrx_word' id='word_1_328' title='bbox 1170 4091 1243 4146; x_wconf 92' lang='lat' dir='ltr'>diese</span> <span class='ocrx_word' id='word_1_329' title='bbox 1268 4091 1393 4146; x_wconf 86' lang='lat' dir='ltr'>schwaoh</span> <span class='ocrx_word' id='word_1_330' title='bbox 1417 4091 1510 4147; x_wconf 82' lang='lat' dir='ltr'>betont</span> 
     </span>
     <span class='ocr_line' id='line_1_36' title="bbox 279 4180 883 4251; baseline -0.002 -15"><span class='ocrx_word' id='word_1_331' title='bbox 279 4182 339 4236; x_wconf 92' lang='lat' dir='ltr'>sind</span> <span class='ocrx_word' id='word_1_332' title='bbox 360 4184 435 4251; x_wconf 82' lang='lat' dir='ltr'>(quos</span> <span class='ocrx_word' id='word_1_333' title='bbox 453 4185 517 4251; x_wconf 73' lang='lat' dir='ltr'>ogo),</span> <span class='ocrx_word' id='word_1_334' title='bbox 535 4181 681 4235; x_wconf 92' lang='lat' dir='ltr'>besonders</span> <span class='ocrx_word' id='word_1_335' title='bbox 698 4181 736 4235; x_wconf 82' lang='lat' dir='ltr'>ino</span> <span class='ocrx_word' id='word_1_336' title='bbox 754 4180 883 4236; x_wconf 86' lang='lat' dir='ltr'>Brieistil.</span> 
     </span>
    </p>
   </div>
   <div class='ocr_carea' id='block_1_4' title="bbox 278 4304 1508 4465">
    <p class='ocr_par' dir='ltr' id='par_1_6' title="bbox 278 4304 1508 4465">
     <span class='ocr_line' id='line_1_37' title="bbox 349 4304 1507 4379; baseline -0.001 -16"><span class='ocrx_word' id='word_1_337' title='bbox 349 4307 427 4377; x_wconf 62' lang='lat' dir='ltr'>Koa.</span> <span class='ocrx_word' id='word_1_338' title='bbox 449 4306 501 4365; x_wconf 76' lang='lat'>13.</span> <span class='ocrx_word' id='word_1_339' title='bbox 538 4304 614 4359; x_wconf 76' lang='lat' dir='ltr'>baba</span> <span class='ocrx_word' id='word_1_340' title='bbox 631 4306 765 4375; x_wconf 81' lang='lat' dir='ltr'>ordorem]</span> <span class='ocrx_word' id='word_1_341' title='bbox 789 4322 857 4375; x_wconf 83' lang='lat' dir='ltr'>ganz</span> <span class='ocrx_word' id='word_1_342' title='bbox 881 4305 1048 4376; x_wconf 83' lang='lat' dir='ltr'>gewdhnlioh</span> <span class='ocrx_word' id='word_1_343' title='bbox 1069 4304 1121 4360; x_wconf 79' lang='lat' dir='ltr'>wie</span> <span class='ocrx_word' id='word_1_344' title='bbox 1146 4308 1203 4379; x_wconf 81' lang='grc' dir='ltr'>ἔχει</span> <span class='ocrx_word' id='word_1_345' title='bbox 1221 4304 1366 4374; x_wconf 85' lang='lat' dir='ltr'>„schlieist</span> <span class='ocrx_word' id='word_1_346' title='bbox 1388 4306 1417 4360; x_wconf 92' lang='lat' dir='ltr'>in</span> <span class='ocrx_word' id='word_1_347' title='bbox 1441 4306 1507 4376; x_wconf 89' lang='lat' dir='ltr'>sich,</span> 
     </span>
     <span class='ocr_line' id='line_1_38' title="bbox 278 4394 1508 4465; baseline 0.001 -15"><span class='ocrx_word' id='word_1_348' title='bbox 278 4396 369 4465; x_wconf 78' lang='lat' dir='ltr'>bringi</span> <span class='ocrx_word' id='word_1_349' title='bbox 386 4398 436 4451; x_wconf 84' lang='lat' dir='ltr'>mit</span> <span class='ocrx_word' id='word_1_350' title='bbox 453 4395 519 4463; x_wconf 90' lang='lat' dir='ltr'>sich,</span> <span class='ocrx_word' id='word_1_351' title='bbox 537 4394 573 4448; x_wconf 86' lang='lat' dir='ltr'>ist</span> <span class='ocrx_word' id='word_1_352' title='bbox 590 4395 749 4450; x_wconf 87' lang='lat' dir='ltr'>verbunden</span> <span class='ocrx_word' id='word_1_353' title='bbox 766 4394 846 4448; x_wconf 82' lang='lat' dir='ltr'>mit“.</span> <span class='ocrx_word' id='word_1_354' title='bbox 883 4394 1001 4449; x_wconf 85' lang='lat' dir='ltr'>Beachte</span> <span class='ocrx_word' id='word_1_355' title='bbox 1019 4395 1071 4448; x_wconf 92' lang='lat' dir='ltr'>den</span> <span class='ocrx_word' id='word_1_356' title='bbox 1085 4394 1212 4450; x_wconf 90' lang='lat' dir='ltr'>Wechsel</span> <span class='ocrx_word' id='word_1_357' title='bbox 1231 4396 1279 4449; x_wconf 94' lang='lat' dir='ltr'>des</span> <span class='ocrx_word' id='word_1_358' title='bbox 1296 4396 1458 4451; x_wconf 79' lang='lat' dir='ltr'>Ausdruohs.</span> <span class='ocrx_word' id='word_1_359' title='bbox 1473 4420 1508 4438; x_wconf 56' lang='grc' dir='ltr'>-ι</span> 
     </span>
    </p>
   </div>
   <div class='ocr_carea' id='block_1_5' title="bbox 278 4482 1508 4628">
    <p class='ocr_par' dir='ltr' id='par_1_7' title="bbox 278 4482 1508 4628">
     <span class='ocr_line' id='line_1_39' title="bbox 278 4482 1508 4555; baseline 0.002 -17"><span class='ocrx_word' id='word_1_360' title='bbox 278 4487 358 4555; x_wconf 66' lang='lat' dir='ltr'>aaut]</span> <span class='ocrx_word' id='word_1_361' title='bbox 384 4510 416 4531; x_wconf 66' lang='grc' dir='ltr'>ι-</span> <span class='ocrx_word' id='word_1_362' title='bbox 436 4484 530 4540; x_wconf 71' lang='lat' dir='ltr'>moa.</span> <span class='ocrx_word' id='word_1_363' title='bbox 554 4515 588 4524; x_wconf 95' lang='lat'><em>-</em></span> <span class='ocrx_word' id='word_1_364' title='bbox 612 4484 739 4539; x_wconf 79' lang='lat' dir='ltr'>cauimus</span> <span class='ocrx_word' id='word_1_365' title='bbox 835 4482 1002 4553; x_wconf 76' lang='lat' dir='ltr'>abiciamus]</span> <span class='ocrx_word' id='word_1_366' title='bbox 1028 4483 1105 4537; x_wconf 86' lang='lat' dir='ltr'>nicht</span> <span class='ocrx_word' id='word_1_367' title='bbox 1127 4483 1196 4539; x_wconf 81' lang='lat' dir='ltr'>blois</span> <span class='ocrx_word' id='word_1_368' title='bbox 1220 4484 1364 4541; x_wconf 78' lang='lat' dir='ltr'>ausciehen</span> <span class='ocrx_word' id='word_1_369' title='bbox 1388 4486 1439 4541; x_wconf 83' lang='lat' dir='ltr'>wie</span> <span class='ocrx_word' id='word_1_370' title='bbox 1464 4486 1508 4541; x_wconf 88' lang='lat' dir='ltr'>ein</span> 
     </span>
     <span class='ocr_line' id='line_1_40' title="bbox 279 4573 367 4628; baseline 0 0"><span class='ocrx_word' id='word_1_371' title='bbox 279 4573 367 4628; x_wconf 86' lang='lat' dir='ltr'>Kleid.</span> 
     </span>
    </p>
   </div>
   <div class='ocr_carea' id='block_1_6' title="bbox 0 0 1826 5225">
    <p class='ocr_par' dir='ltr' id='par_1_8' title="bbox 0 0 1826 5225">
     <span class='ocr_line' id='line_1_41' title="bbox 0 0 1826 5225; baseline 0 2"><span class='ocrx_word' id='word_1_372' title='bbox 0 0 1826 5225; x_wconf 95' lang='lat' dir='ltr'> </span> 
     </span>
    </p>
   </div>
  </div>
 </body>
</html>
