3642 5225
759 526 816 581 Lib.
835 525 887 594 111,
906 541 928 580 o.
947 527 1027 582 8-9.
1474 531 1510 594 36

391 691 548 773 Corque
572 708 698 755 meum
722 688 886 772 penitus
910 689 1121 771 turgescit
1144 691 1346 758 tristibus
1368 693 1458 773 iris,

392 798 482 867 Cum
499 798 632 863 decore
656 798 771 878 atque
794 795 893 860 omni
916 814 971 860 ma
995 796 1168 861 orbatum
1183 798 1296 864 laude
1319 800 1507 866 recordor.

276 934 367 1000 Num
390 950 505 998 manus
528 930 653 996 adfecta
675 933 761 995 recte
786 931 844 1007 est,
866 949 941 994 cum
963 931 997 993 in
1012 932 1137 995 tumore
1161 933 1219 1009 est,
1242 935 1299 998 aut
1316 953 1396 998 num
1419 935 1507 999 aliud
1521 960 1551 1002 ιι

277 1039 451 1124 quodpiam
472 1039 654 1104 membrum
676 1037 838 1102 tumidum
861 1055 898 1101 ao
921 1037 1087 1119 turgidum
1109 1057 1172 1103 non
1195 1040 1307 1105 vitiose
1331 1060 1365 1105 se
1385 1042 1505 1108 habet?

278 1147 333 1214 Sic
347 1147 446 1231 igitur
468 1145 600 1210 inflatus
623 1147 657 1210 et
671 1147 800 1209 tumens
824 1145 950 1208 animus
965 1145 999 1208 in
1015 1145 1091 1210 vitio
1114 1147 1172 1210 est.
1212 1146 1372 1230 Sapientis
1396 1151 1505 1215 autem

277 1254 405 1321 animus
429 1271 554 1336 semper
576 1253 670 1317 vacat
693 1251 779 1329 vitio,
801 1269 980 1333 numquam
1002 1252 1166 1334 turgescit,
1189 1272 1366 1336 numquam
1382 1257 1506 1332 tumet;

278 1363 315 1427 at
327 1362 430 1426 natus
454 1360 580 1424 animus
604 1359 759 1424 eiusmodi
783 1359 849 1432 est3
872 1377 1051 1440 numquam
1068 1359 1167 1441 igitur
1191 1361 1317 1443 sapiens
1340 1363 1506 1438 nescitum

276 1487 355 1535 nam
377 1468 405 1533 si
419 1468 578 1544 irascitur,
601 1467 699 1531 etiam
715 1465 926 1548 concupiscit;
949 1466 1112 1548 proprium
1127 1469 1177 1531 est
1193 1468 1278 1532 enim
1292 1469 1367 1532 irati
1383 1488 1507 1553 cupere,

278 1593 384 1658 aquo
407 1575 513 1639 laesus
536 1573 697 1650 videatur,
727 1573 757 1638 ei
780 1591 877 1655 quam
904 1574 1081 1638 maximum
1110 1573 1250 1638 dolorem
1277 1575 1421 1651 inurer03
1452 1577 1508 1658 qui

278 1685 389 1748 autom
410 1681 443 1746 id
459 1681 662 1764 concupierit,
685 1700 759 1745 eum
774 1699 903 1745 necesse
925 1682 983 1757 est,
1007 1681 1035 1744 si
1056 1680 1089 1744 id
1105 1683 1294 1747 consecutus
1318 1683 1368 1761 sit,
1391 1703 1507 1766 magno

244 1861 247 1865 ,
277 1782 372 1874 opere
394 1789 526 1866 laetari,
549 1806 587 1853 ex
611 1806 673 1870 quo
695 1787 748 1865 fit,
770 1789 808 1851 ut
831 1787 934 1851 alieno
958 1788 1043 1851 malo
1066 1788 1221 1870 gaudeat3
1246 1790 1330 1872 quod
1355 1791 1506 1872 quoniam

275 1914 343 1962 non
365 1895 451 1961 eadit
471 1896 506 1960 in
529 1895 714 1977 sapientem,
735 1913 776 1958 ne
799 1896 838 1958 ut
860 1894 1018 1958 irascatur
1034 1895 1164 1977 quidem
1187 1896 1280 1961 cadit.
1316 1896 1373 1962 Sin
1396 1901 1506 1964 autem

276 2002 407 2069 caderet
439 2003 473 2066 in
508 2003 685 2085 sapientem
719 2002 899 2084 aegritudo,
934 2001 1063 2066 caderet
1097 2003 1194 2068 etiam
1226 2004 1407 2079 iracundia3
1443 2022 1507 2087 qua

277 2110 430 2192 quoniam
445 2112 547 2188 vacat,
570 2109 768 2191 aegritudine
784 2110 882 2173 etiam
899 2109 1032 2173 vacabit.
1121 2109 1250 2173 Etenim
1274 2111 1301 2174 si
1324 2111 1450 2193 sapiens
1473 2113 1550 2180 inno

277 2216 511 2300 aegritudinem
525 2215 663 2281 incidere
677 2218 795 2300 posset
818 2217 928 2299 posset
943 2215 1041 2280 etiam
1062 2216 1097 2280 in
1119 2216 1378 2295 misericordiam,
1401 2221 1508 2301 posset

275 2324 312 2389 in
339 2323 557 2388 invidentiam.
601 2323 674 2388 Non
704 2323 769 2387 dixi
797 2323 1012 2401 invidiam,
1046 2341 1128 2405 quae
1157 2325 1228 2388 tum
1257 2326 1322 2402 est,
1357 2344 1431 2390 cum
1459 2327 1507 2389 in-

328 2586 407 2647 utta
424 2613 477 2666 μοι
495 2590 681 2645 οἰδάνεται
700 2585 833 2658 (sehwillt
852 2586 990 2657 turgescit)
1009 2589 1108 2662 κραόίη
1123 2591 1207 2662 χόλῳ,
1227 2585 1332 2645 ὁππότ’
1349 2591 1458 2646 ἐκείνων

331 2685 485 2755 μνήσομαι,
505 2679 541 2742 ὥς
557 2676 590 2753 μ’
608 2682 751 2751 ἀσύφηλον
769 2680 799 2732 ἔν
814 2674 977 2752 Ἀργείοισιν
995 2680 1084 2749 ἔρεξεν

329 2768 474 2844 Ἀτρεΐδης,
493 2759 528 2831 ὥς
547 2775 573 2824 εἴ
590 2765 644 2823 τιν’
662 2771 798 2841 ἀτίμητον
813 2772 998 2841 μετανάστην.

262 2902 292 2931 r
352 2880 392 2922 ιι.
411 2866 549 2921 tumetium
629 2865 778 2935 ίαιηάίαηι]
805 2863 1007 2934 „geschwollen
1088 2865 1291 2935 anigelauien“.
1327 2868 1392 2921 Hor.
1413 2884 1453 2937 ep.
1468 2868 1505 2937 11,

276 2958 303 3025 8,
323 2958 387 3013 196:
413 2956 471 3026 „at
488 2959 563 3025 regat
581 2956 639 3025 (der
657 2954 737 3024 (thor)
755 2955 836 3009 iratos
855 2958 883 3009 et
900 2957 972 3009 amet
996 2971 1092 3024 pacare
1110 2957 1243 3010 tumentes
1251 2957 1276 3008 “.
1304 2988 1339 2996 —
1366 2962 1435 3011 recte
1456 2959 1505 3028 eat]

276 3044 398 3109 beiindet
416 3045 474 3100 sich
491 3045 520 3099 in
538 3046 586 3099 der
604 3044 735 3113 richtigen
752 3045 932 3113 Veriassung,
951 3044 1002 3098 wie
1020 3043 1083 3097 tene
1100 3062 1171 3098 sum.
1200 3076 1234 3085 -
1261 3044 1357 3099 vitiose
1373 3064 1402 3099 sc
1418 3046 1505 3117 ἀαόοί]

277 3134 426 3204 Gegansatz
445 3151 479 3187 zu
496 3139 564 3188 recte
581 3139 620 3187 est
638 3134 703 3187 oder
719 3150 747 3186 sc
760 3133 844 3200 Ιιαόιί,
864 3133 963 3186 ebenso
980 3132 1014 3186 in
1031 3132 1098 3187 citio
1115 3139 1161 3189 est.
1179 3165 1214 3173 —
1233 3133 1304 3188 irati
1320 3136 1425 3205 οαμονο]
1445 3151 1466 3189 s.
1481 3151 1505 3189 0.

275 3222 427 3278 ἀαοααάἀι
445 3226 460 3293 ᾗ
480 3224 521 3277 11.
541 3253 575 3261 —
593 3222 726 3291 αι’ἀιοεαν]
746 3221 909 3289 KonJunktiv
929 3235 977 3275 aus
995 3221 1056 3273 dem
1075 3221 1219 3276 Gadaukon
1237 3222 1284 3276 das
1302 3222 1504 3291 Begohrendsn.

231 3317 235 3325 '
350 3325 391 3367 ao.
410 3311 532 3380 Etenim]
552 3312 673 3379 „fernen
692 3309 815 3363 weitor“.
841 3341 875 3348 -
898 3309 1128 3379 misecicordiam]
1146 3310 1203 3364 Der
1220 3310 1312 3365 Woise
1330 3312 1415 3366 kennt
1431 3312 1507 3368 nicht

275 3402 330 3457 dan
348 3402 418 3456 Zorn
440 3401 497 3454 und
515 3400 558 3453 die
576 3399 666 3452 Raohe
691 3398 746 3450 und
763 3398 810 3451 das
828 3397 924 3451 danaus
943 3398 1149 3468 entspringende
1166 3400 1341 3470 Lustgeiith,
1370 3417 1400 3455 er
1422 3402 1507 3457 iennt

274 3491 342 3548 aber
359 3489 428 3544 auch
445 3488 521 3541 nicht
538 3487 590 3540 den
605 3486 732 3541 Schmerz
751 3486 818 3541 iiber
835 3487 954 3541 tremdes
967 3486 1052 3542 Ficnd
1067 3488 1189 3559 (Mitteid)
1207 3491 1263 3546 und
1277 3491 1395 3546 hemdes
1410 3491 1505 3546 Wohl·

275 3578 395 3648 argehan
418 3575 592 3646 (inardescite,
612 3574 805 3645 Scheelsucht).
833 3608 867 3617 -
894 3576 1116 3633 misericordium
1195 3579 1378 3635 madescam
1458 3580 1505 3635 ιἰι-

275 3666 394 3736 Meum]
420 3666 470 3719 Die
488 3666 537 3720 der
554 3665 745 3719 mesericordia
762 3667 1031 3735 entgegengesetzten
1050 3666 1165 3722 Geidhle
1184 3669 1329 3738 anolysicrt
1346 3669 1505 3725 Aristoteles

274 3758 314 3811 im
332 3756 444 3811 zweiten
463 3755 556 3809 Buche
580 3754 669 3809 seiner
691 3754 818 3809 Rhetorilr
837 3756 903 3823 Kap.
923 3758 940 3811 9
963 3755 1095 3811 deutlich:
1123 3762 1273 3814 ἀντίκειται
1291 3763 1329 3829 τῷ
1347 3761 1430 3816 ἐλεεῖν
1447 3764 1503 3835 μα’-

275 3851 357 3903 λιστα
383 3848 437 3917 μὲν
464 3847 479 3900 8
505 3851 621 3901 καλοῦσι
648 3856 806 3919 νεμεσᾶν
833 3844 1036 3915 (miisgdnnen)·
1065 3851 1103 3916 tq*
1127 3850 1182 3920 χάρ
1204 3851 1355 3904 λυπεῖσθαι
1373 3850 1420 3904 ἐπὶ
1444 3856 1507 3911 ταῖς

276 3939 404 3999 ἀναξίαις
420 3942 623 4008 κακοπραγίαις
636 3937 825 4009 ἀντικείμενον
842 3937 902 3991 ἐστι
920 3938 1026 4010 τρόπον
1043 3938 1105 3991 τινὰ
1123 3942 1170 3992 καὶ
1184 3940 1306 3993 ἀπὸτοῦ
1319 3939 1506 4005 αὖτοᾶηθους

275 4030 309 4080 τό
326 4030 478 4081 λυπεῖσθαι
491 4028 539 4081 ἐπὶ
553 4032 614 4087 ταῖς
633 4028 759 4088 ἀναξίαις
772 4028 944 4097 εὐπραγίαις,
962 4030 1009 4080 καὶ
1025 4031 1112 4098 ἀμφιυ
1130 4029 1164 4081 τὰ
1178 4031 1258 4095 παθη
1272 4031 1358 4094 ἤθους
1366 4038 1504 4102 χρηστοῦ·

276 4116 322 4171 δεῖ
338 4118 392 4187 γὰρ
410 4118 457 4171 ἐπὶ
473 4117 528 4189 μὲν
546 4122 604 4178 τοῖς
622 4118 739 4178 ἀναξίως
763 4119 920 4188 πράττουσι
943 4127 1030 4178 κακῶς
1049 4120 1246 4188 συνάχθεσθαι
1263 4120 1310 4171 καὶ
1328 4118 1420 4182 ἐλεεῖν,
1446 4123 1505 4179 τοῖς

276 4205 308 4260 δὲ
326 4201 357 4260 εὖ
374 4216 506 4278 νεμεσᾶν·
527 4205 625 4260 ἀδικον
643 4207 697 4280 γὰρ
715 4207 747 4260 τό
765 4207 842 4279 παρὰ
861 4207 910 4273 τὴν
929 4206 1010 4268 ἀξίαν
1028 4209 1201 4279 γιγνόμενον,
1220 4206 1332 4261 διὸκαὶ
1351 4212 1410 4268 τοῖς
1426 4213 1504 4269 θεοῖς

276 4294 455 4368 ἀποδίδομεν
479 4296 511 4349 τὸ
537 4305 665 4368 νεμεσᾶν.
693 4295 782 4358 ἀόξειε
807 4292 837 4349 δ’
855 4298 890 4348 ἀν
911 4300 959 4349 καὶ
984 4297 1156 4367 όφθόνος
1179 4298 1217 4366 tq*
1242 4296 1326 4351 ἐλεεῖν
1351 4297 1400 4350 τὸν
1418 4298 1504 4351 αὐτόν

276 4384 450 4439 ἀντικεῖσθαι
478 4386 583 4458 τρόπον
607 4386 642 4445 ὡς
661 4386 795 4454 σύνεγγυς
813 4388 852 4438 ὢν
872 4389 920 4439 καὶ
939 4386 1041 4440 ταύτὸν
1060 4388 1098 4454 τῷ
1116 4395 1244 4458 νεμεσᾶν,
1270 4385 1329 4440 ἔστι
1348 4380 1377 4441 δ’
1394 4385 1498 4460 ἕτερον·

274 4475 348 4540 λύπη
372 4474 425 4542 μὲν
450 4474 504 4546 γὰρ
528 4473 689 4546 ταραχώδης
712 4471 879 4542 (ennagoni)
901 4478 950 4528 καὶ
968 4476 984 4528 ό
1003 4476 1112 4547 φθόνος
1129 4476 1206 4529 ἐστὶν
1223 4478 1271 4529 καὶ
1289 4474 1337 4529 ἐπὶ
1355 4477 1502 4549 εὐπραγία,

274 4556 336 4616 ἀλλ’
353 4563 386 4614 οὐ
404 4571 454 4615 τοῦ
471 4563 595 4627 ἀναξίου,
614 4563 683 4615 ἀλλά
702 4572 752 4616 τοῦ
769 4566 833 4616 ίσου
850 4566 896 4616 καὶ
916 4564 1024 4635 ὁμοίου.
1045 4591 1078 4603 -
1097 4578 1166 4631 quae
1179 4568 1238 4617 tum
1249 4562 1298 4633 eat]
1317 4562 1415 4632 nchug
1426 4562 1503 4619 latei-

1247 4652 1288 4708 ηε
