3642 5225
365 516 419 578 152
763 517 971 572 llrsoulanarum
990 516 1197 586 disputationum

365 681 554 759 Metrodoro,
585 681 640 762 qui
662 681 894 745 omnebonum
924 681 957 744 in
980 680 1153 745 visceribus
1176 679 1387 761 medullisque
1417 678 1609 744 condideris

367 791 401 853 et
424 788 581 854 definieris
606 806 769 852 summum
792 788 910 851 bonum
934 786 1027 850 firma
1050 787 1187 870 corporis
1211 785 1385 850 adfectione
1416 786 1608 869 explorata·

367 911 428 976 que
452 895 522 958 aas
545 913 600 977 spe
624 894 787 970 contineri
810 893 970 958 Fortunae
994 893 1099 957 aditus
1122 893 1353 958 interclusisti?
1389 891 1607 972 Quomodo?

365 1003 427 1066 isto
451 1003 535 1066 enim
557 1002 638 1065 bono
661 1002 725 1066 iarn
749 1000 917 1083 exspoliari
940 1003 1038 1084 potes.

313 1105 357 1166 1⁰
383 1118 385 1123 ’
455 1117 556 1199 Atqui
577 1118 628 1181 his
652 1117 821 1200 capiuntur
843 1117 984 1200 imperiti
1007 1120 1040 1181 et
1062 1121 1191 1200 propter
1212 1116 1395 1180 huiusmodi
1419 1117 1604 1180 sententias

324 1191 356 1234 ²⁸
367 1225 503 1291 istorum
533 1225 699 1288 hominurn
731 1225 781 1289 est
808 1224 999 1299 multitudo;
1031 1225 1123 1288 acute
1152 1225 1261 1287 autem
1291 1223 1486 1305 disputantis
1517 1223 1603 1287 illud

368 1334 435 1409 est,
464 1351 528 1396 non
552 1331 628 1413 quid
653 1331 788 1412 quisque
811 1331 911 1408 dicat,
942 1331 997 1395 sed
1021 1330 1098 1412 quid
1123 1331 1236 1411 cuique
1261 1329 1430 1395 dicendum
1462 1330 1523 1407 sit,
1557 1330 1604 1394 vi-

369 1440 451 1504 dere.
497 1438 597 1503 Velut
620 1439 653 1502 in
676 1456 714 1503 ea
737 1439 807 1521 ipsa
829 1439 1002 1515 sententia,
1027 1456 1123 1519 quam
1147 1438 1179 1500 in
1201 1438 1263 1502 hac
1286 1437 1502 1520 disputatione
1529 1457 1604 1501 sus-

368 1547 520 1629 cepimus,
550 1563 659 1609 omnes
682 1545 780 1609 bonos
803 1563 929 1626 semper
952 1545 1061 1608 beatos
1084 1545 1231 1608 volumus
1255 1563 1334 1608 esse.
1380 1542 1467 1622 Quos
1491 1543 1604 1608 dicam

361 1654 475 1729 bonos,
498 1652 703 1735 perspicuum
727 1653 791 1729 est3
817 1651 964 1715 omnibus
987 1652 1072 1715 enim
1095 1651 1270 1715 virtutibus
1293 1651 1467 1714 instructos
1491 1655 1526 1714 et
1552 1669 1605 1714 or·

368 1762 461 1824 natos
491 1761 562 1822 tum
593 1759 767 1841 sapientes,
797 1760 868 1822 tum
891 1759 975 1822 viros
1004 1760 1102 1823 bonos
1131 1758 1274 1822 dicimus.
1320 1757 1512 1833 Videamus,
1547 1758 1605 1838 qui

370 1865 493 1930 dicendi
510 1865 575 1930 sint
597 1865 692 1930 beati.
736 1865 896 1947 Equidem
920 1884 974 1930 eos
995 1866 1148 1942 existimo,
1173 1865 1229 1947 qui
1251 1866 1316 1930 sint
1338 1866 1372 1928 iu
1394 1865 1485 1929 bonis
1508 1865 1606 1928 nullo

327 1989 359 2032 as
370 1973 519 2037 adiuncto
542 1972 644 2046 malo;
671 1991 775 2054 neque
799 1973 866 2036 ulla
890 1973 953 2036 alia
975 1973 1050 2036 huic
1072 1973 1178 2049 verbo,
1202 1991 1275 2037 oum
1297 1972 1429 2036 beatum
1451 1971 1605 2048 dicimus,

370 2081 513 2145 subiecta
535 2080 624 2144 notio
648 2082 699 2144 est
720 2079 783 2143 nisi
806 2081 937 2144 secretis
967 2079 1060 2143 malis
1085 2080 1230 2143 omnibus
1254 2079 1418 2144 cumulata
1441 2078 1603 2142 bonorum

370 2187 552 2270 complexio.
596 2187 689 2251 Hanc
712 2186 845 2267 adsequi
867 2187 980 2264 virtus,
1004 2187 1030 2250 si
1054 2187 1225 2268 quicquam
1247 2188 1375 2268 praeter
1396 2186 1501 2268 ipsam
1524 2186 1605 2250 boni

370 2297 436 2371 est,
469 2313 532 2357 non
562 2295 676 2377 potest.
721 2293 833 2358 Aderit
861 2294 946 2357 enirn
975 2294 1149 2369 malorum,
1184 2294 1211 2357 si
1241 2293 1327 2356 mala
1355 2293 1411 2356 illa
1440 2292 1605 2368 ducimus,

370 2401 466 2465 turba
490 2399 657 2482 quaedam,
679 2402 861 2482 paupertas,
883 2400 1074 2482 ignobilitas,
1097 2400 1273 2476 humilitas,
1297 2399 1443 2475 solitudo,
1466 2400 1604 2464 amissio

371 2526 517 2583 suorum,
541 2525 653 2589 graves
677 2506 799 2572 dolores
823 2507 976 2590 corporis,
999 2507 1124 2590 perdita
1147 2506 1311 2584 valetudo,
1335 2507 1498 2583 debilitas,
1528 2525 1605 2571 cae-

372 2616 468 2691 citas,
491 2616 641 2679 interitus
664 2616 799 2698 patrias,
823 2616 983 2691 exsilium,
1006 2615 1143 2679 servitus
1166 2615 1310 2696 denique.
1355 2615 1395 2678 In
1417 2615 1468 2678 his
1492 2616 1545 2678 tot
1569 2616 1605 2679 et

371 2723 471 2785 tantis
502 2722 611 2804 (atque
636 2722 734 2786 etiam
757 2722 850 2804 plura
872 2725 1008 2805 possunt
1031 2722 1184 2805 accidere)
1214 2724 1320 2805 potest
1351 2740 1421 2786 asse
1453 2722 1604 2804 sapiens;

370 2846 446 2892 nam
469 2828 549 2892 haec
572 2846 666 2891 casus
689 2828 852 2910 importat,
877 2830 931 2909 qui
954 2830 987 2892 in
1011 2829 1187 2911 sapientem
1211 2830 1316 2912 potest
1338 2829 1509 2892 incurrere.
1556 2830 1608 2892 At

372 2935 400 2999 si
423 2954 460 2999 ea
482 2935 569 2998 mala
592 2935 683 3010 sunt,
708 2935 779 3015 quis
801 2936 908 3017 potest
931 2937 1094 3018 praestare
1119 2953 1244 3019 semper
1268 2936 1444 3018 sapientem
1467 2935 1604 2999 beatum

329 3041 448 3119 aofore,
471 3042 611 3128 cumvel
626 3042 659 3105 in
683 3042 828 3106 omnibus
851 3042 902 3105 his
927 3060 990 3106 uno
1008 3044 1150 3124 ternpore
1175 3061 1243 3107 esse
1259 3044 1383 3126 possit?
1412 3042 1483 3105 Non
1499 3042 1605 3124 igitur

372 3149 464 3214 facile
488 3149 623 3214 concedo
644 3168 748 3231 neque
765 3149 866 3213 Bruto
889 3168 960 3213 meo
983 3168 1086 3231 neque
1110 3150 1331 3214 communibus
1353 3149 1518 3231 magistris
1540 3168 1608 3214 neo

372 3412 464 3467 schied
488 3429 541 3466 von
565 3414 627 3466 dem
645 3413 792 3482 Epilureer
810 3415 880 3468 Zeno
905 3416 936 3483 (s.
956 3416 1011 3483 III,
1035 3416 1088 3482 38).
1109 3446 1142 3455 -
1167 3414 1201 3468 ab
1224 3414 1371 3469 oisoerilue
1396 3413 1512 3483 (omoera
1535 3414 1607 3468 Ein-

371 3501 504 3570 gsweids,
528 3501 631 3568 Bauoh)
653 3502 830 3571 medullaeque
853 3504 984 3570 (medulla
1001 3503 1097 3574 Madd]
1122 3503 1288 3573 „Metrodori
1310 3519 1388 3571 vero,
1413 3503 1459 3572 qui
1477 3506 1520 3556 est
1539 3504 1607 3573 Epi-

373 3590 431 3642 curi
457 3588 559 3658 collega
582 3590 741 3659 sapientias,
769 3590 855 3645 mulla
877 3592 1072 3660 impudentiore
1096 3592 1231 3647 recitabat.
1274 3594 1391 3647 Accusat
1416 3591 1487 3646 enim
1514 3593 1608 3647 {limo-

374 3679 473 3731 cratem
505 3678 617 3732 fratrem
649 3695 726 3733 suum
753 3680 934 3748 Metrodorus,
967 3682 1036 3750 quod
1068 3681 1171 3736 dubitet
1203 3682 1304 3749 omnia,
1337 3699 1405 3751 quas
1432 3682 1465 3735 ad
1495 3682 1607 3737 beatam

372 3766 456 3820 vitam
481 3768 646 3836 pertineant,
672 3772 766 3823 ventre
791 3770 903 3823 metiri“
930 3770 994 3839 (cie.
1018 3771 1051 3824 de
1073 3773 1128 3825 nat.
1152 3772 1224 3825 deor.
1242 3772 1269 3839 1,
1295 3773 1365 3839 113).
1393 3802 1422 3811 —
1450 3772 1609 3843 caploraln]

373 3856 575 3925 ,‚begriindct“.

444 3999 522 4068 Kap.
544 4001 593 4059 10.
634 4013 674 4057 as.
694 4000 811 4054 istorum
827 4002 972 4055 bominum
991 4007 1029 4056 eet
1046 4003 1157 4071 (gehbrt,
1176 4003 1259 4071 htngt
1276 4003 1320 4073 an)
1338 4003 1494 4073 mullitudo]
1515 4004 1608 4073 „Epi-

374 4088 432 4142 curi
449 4088 482 4142 de
500 4105 580 4158 grege
598 4092 729 4158 porcum“
748 4089 906 4144 bezeichnet
924 4091 982 4145 sich
999 4091 1174 4145 seherzweise
1193 4092 1281 4146 Horaz
1300 4094 1351 4162 (ep.
1370 4092 1393 4162 1,
1412 4095 1437 4160 4,
1457 4095 1511 4161 16).

447 4200 488 4241 aa.
513 4186 658 4242 diomedem
680 4188 728 4257 sil]
751 4189 784 4243 In
807 4188 850 4243 die
868 4189 1007 4244 Kontrolle
1030 4191 1079 4244 der
1100 4191 1278 4260 Konsequeuz
1303 4193 1406 4245 setzten
1429 4189 1472 4243 die
1497 4189 1610 4247 Stoilrer

372 4275 431 4329 ihre
445 4276 532 4329 Kraft.
551 4308 585 4316 —
604 4294 667 4330 cam
685 4277 791 4331 malum
807 4277 938 4347 dicimus]
958 4295 1058 4346 „weun
1077 4278 1126 4332 wir·
1143 4279 1235 4333 malus
1249 4282 1359 4348 sagen“.
1374 4312 1408 4319 -
1422 4279 1508 4349 nolio]
1529 4281 1611 4349 „Be-

373 4363 469 4432 griif“.
497 4396 531 4405 -
559 4366 718 4435 quaequam]
742 4366 870 4421 verbinde
897 4366 948 4420 mit
974 4366 1045 4421 boni.
1069 4399 1103 4407 —
1131 4368 1211 4422 turba
1237 4368 1380 4438 quaedam]
1409 4367 1475 4436 „sin
1503 4385 1613 4437 gauzer

373 4452 539 4508 Schwarm“.
564 4486 598 4495 -
618 4460 704 4523 potest
730 4457 879 4526 incurrere]
908 4455 1055 4525 Gegensatz
1082 4457 1175 4511 allitus
1202 4457 1362 4511 interclusit.
1387 4489 1421 4497 —
1449 4462 1612 4531 praestare}

373 4542 545 4612 „gutstehem
563 4544 744 4613 rerbiirgen“.
792 4587 795 4592 ⁴
