3642 5225
346 513 399 574 190
742 515 952 571 Tusculanarum
970 517 1177 586 disputationum

346 678 426 755 sius,
456 680 587 761 negavit
616 697 650 744 se
679 681 748 744 iure
778 681 833 745 illo
861 681 967 763 nigro,
998 680 1083 762 qnod
1113 699 1208 746 eenae
1236 682 1332 764 eaput
1360 683 1449 758 erat,
1482 681 1587 746 deleo-

345 791 461 851 tatum.
505 788 588 852 Tum
616 787 659 865 is,
690 788 745 870 qui
767 788 824 852 illa
846 789 991 853 coxerat:
1020 789 1210 866 „Minime
1239 789 1403 863 mirum,
1439 789 1586 854 eondi-

345 898 482 962 menta
512 896 617 960 enim
647 894 903 960 defuerunt“
957 894 1090 974 „Quae
1121 895 1343 960 tandem?“
1375 895 1493 977 inquit
1525 897 1585 960 ille.

345 1008 501 1086 „Labor
522 1006 564 1069 in
586 1007 754 1080 venatu,
785 1001 923 1080 sudor,
952 1022 1096 1068 oursus
1120 1004 1168 1069 ad
1190 1005 1401 1087 Eurotam,
1434 1011 1585 1094 fames,

345 1116 453 1180 sitis.
497 1113 571 1178 His
602 1112 707 1176 enim
729 1112 852 1176 rebus
875 1109 1290 1178 Laoedaemoniorum
1313 1118 1465 1199 epulae
1492 1141 1586 1187 oon·

345 1223 541 1287 diuntur.“
586 1223 692 1303 Atque
715 1221 776 1286 hoe
797 1239 861 1285 non
884 1240 923 1285 ex
944 1220 1110 1286 hominum
1133 1241 1221 1288 more
1245 1225 1363 1301 solum,
1395 1227 1457 1290 sed
1483 1229 1585 1294 etiam

345 1349 383 1396 ex
404 1330 516 1395 bestiis
538 1329 682 1410 intellegi
703 1329 823 1412 potest,
853 1346 949 1411 quae,
977 1330 1016 1393 nt
1038 1330 1190 1412 quioquid
1212 1331 1371 1396 obiectum
1395 1335 1463 1412 est,
1498 1337 1584 1418 quod

344 1438 437 1503 modo
461 1457 480 1502 a
502 1439 620 1502 natura
642 1455 706 1501 non
729 1437 772 1500 sit
795 1437 950 1514 alienum,
981 1455 1017 1502 eo
1045 1439 1212 1503 oontentae
1234 1457 1298 1503 non
1322 1444 1490 1521 quaerunt
1517 1461 1584 1508 am·

301 1546 437 1628 ”plius
483 1545 636 1611 Civitates
668 1543 825 1626 quaedam
851 1543 1019 1608 universae
1046 1563 1135 1609 more
1163 1544 1275 1610 doctae
1297 1547 1502 1629 parsimonia
1531 1551 1583 1616 de-

343 1653 516 1730 leetantur,
544 1654 581 1715 ut
605 1651 643 1716 de
665 1650 924 1715 Lacedaemoniis
947 1651 1043 1735 paulo
1067 1655 1141 1716 ante
1165 1652 1309 1717 diximus.
1355 1653 1541 1722 Persarum
1564 1677 1582 1722 a

342 1759 551 1842 Xenophonte
567 1758 671 1823 vietus
687 1758 862 1841 exponitur,
885 1776 966 1839 quos
989 1761 1086 1840 negat
1110 1759 1149 1822 ad
1172 1778 1288 1842 panem
1311 1760 1465 1828 adhibere
1494 1765 1584 1846 quio

344 1885 442 1948 quam
463 1868 591 1949 praeter
613 1866 822 1930 nasturcium.
858 1864 1071 1946 Quamquam,
1095 1867 1122 1929 si
1138 1867 1295 1948 quaedam
1311 1869 1410 1932 etiam
1427 1873 1582 1936 suaviora

342 1975 459 2038 natura
489 1973 664 2050 desideret,
694 1991 792 2054 quam
820 1973 925 2037 multa
956 1991 993 2036 ex
1020 1973 1106 2037 terra
1137 1974 1364 2056 arboribusque
1394 1977 1581 2058 gignuntur

343 2100 417 2146 oum
440 2081 529 2163 eopia
551 2079 646 2157 faoili,
669 2082 741 2143 tum
764 2080 922 2144 suavitate
937 2080 1130 2162 praestanti!
1165 2080 1254 2145 Adde
1279 2082 1469 2162 siceitatem,
1498 2105 1581 2168 quae

342 2188 547 2270 oonsequitur
568 2187 652 2252 hane
675 2187 902 2252 eontinentiam
926 2188 959 2251 in
982 2188 1077 2264 viotu,
1101 2187 1181 2252 adde
1204 2189 1425 2270 integritatem
1450 2193 1581 2258 valetu-

283 2294 441 2374 soodinis3
466 2294 572 2359 confer
595 2293 757 2370 sudantes,
780 2296 954 2371 metantes,
977 2293 1108 2358 refertos
1133 2295 1235 2377 epulis
1258 2296 1428 2377 tamquam
1452 2301 1580 2382 opimos

343 2404 450 2478 boves,
473 2405 544 2466 tum
566 2402 747 2483 intelleges,
771 2401 826 2482 qui
850 2401 1046 2484 voluptatem
1069 2401 1205 2466 maxime
1227 2405 1412 2483 sequantur,
1438 2423 1496 2470 eos
1522 2407 1581 2471 mi·

341 2511 426 2573 nime
453 2510 603 2590 eonsequi
632 2508 928 2589 iucunditatemque
956 2508 1059 2573 vietus
1087 2526 1157 2572 esse
1184 2509 1218 2572 in
1246 2508 1415 2587 desiderio,
1446 2515 1580 2578 nonin

342 2619 500 2680 satietate.

287 2720 330 2781 aa
430 2723 645 2801 Timotheum,
673 2724 795 2787 olerum
823 2724 983 2788 hominem
1007 2723 1141 2787 Athenis
1165 2725 1197 2787 et
1219 2724 1393 2806 prinoipem
1418 2726 1578 2807 eivitatis,

340 2918 411 2987 sine]
430 2917 506 2971 Naoh
525 2916 637 2971 anderen
650 2905 859 2984 llberlieferung
876 2916 949 2969 hatte
969 2932 998 2969 er
1015 2916 1074 2970 sich
1092 2916 1170 2970 einen
1188 2917 1485 2991 spartanisohenKooh
1506 2922 1579 2977 naoh

340 3007 457 3075 Syrakus
475 3007 599 3060 hommen
617 3006 718 3072 lassen,
733 3004 817 3059 demit
835 3004 924 3058 dieser
941 3004 997 3057 ihm
1016 3005 1082 3072 „die
1100 3005 1235 3059 schwarze
1249 3005 1359 3075 Suppe“
1377 3006 1438 3073 (ine
1455 3010 1579 3079 nipmm

341 3097 464 3165 [niprnm
488 3097 516 3149 in
540 3096 640 3149 diesem
664 3094 746 3149 Sinne
771 3095 820 3148 wie
844 3095 911 3163 jetzt
934 3094 1082 3148 italieniseh
1100 3095 1190 3163 nero],
1217 3098 1304 3170 ζωμὸς
1321 3101 1489 3160 Λακωνικὸς
1510 3101 1578 3154 oder

339 3190 443 3260 μέλας),
463 3186 572 3239 bereite.
587 3216 620 3224 —-
640 3186 731 3253 capnt]
751 3184 975 3253 „Hauptsaehe“.
991 3216 1025 3223 -
1044 3183 1071 3237 ta
1084 3183 1135 3252 qni
1147 3184 1198 3238 illo
1211 3186 1326 3254 1011111]
1341 3183 1506 3253 plastisoher
1520 3188 1576 3242 und

339 3275 473 3330 lebhaiter
490 3276 530 3329 als
548 3275 616 3329 blois
634 3292 741 3343 ooqnno.
761 3305 793 3313 -
813 3274 873 3342 boo]
893 3274 918 3327 d.
933 3273 950 3326 i.
966 3291 1052 3342 paruo
1071 3274 1165 3342 (11111)
1183 3279 1315 3327 naturum
1333 3279 1490 3329 eomentuon
1510 3296 1575 3333 esee.

413 3378 453 3419 99.
473 3383 492 3417 a
509 3365 691 3433 Xenophonte]
711 3363 877 3432 Oyrupaedia
892 3364 914 3431 Ι,
929 3366 954 3430 2,
968 3366 999 3419 8:
1019 3370 1152 3437 φέρονται
1171 3366 1202 3419 dl
1222 3370 1332 3419 οἴκοθεν
1350 3370 1430 3419 σῖτον
1446 3369 1507 3439 μὲν
1527 3374 1576 3441 ἅρ-

339 3477 395 3520 τον,
414 3460 489 3524 ὄψον
507 3457 538 3509 δὲ
556 3456 704 3528 κάρδαμον
721 3452 911 3522 (nasturcium,
931 3453 1048 3520 Kresse).
1063 3483 1098 3492 -
1116 3453 1196 3522 oopn'n
1213 3452 1306 3521 faetta]
1325 3452 1387 3505 dem
1400 3451 1487 3508 Sinno
1504 3456 1577 3511 naoh

338 3543 439 3611 fauilla
456 3544 494 3596 nd
508 3543 673 3612 ponendum.
693 3574 727 3581 -
752 3542 913 3611 siceitatem]
937 3541 1002 3597 Cato
1020 3542 1105 3596 Maior
1123 3544 1137 3611 ξ
1155 3544 1204 3598 34:
1224 3558 1376 3610 „summam
1395 3541 1424 3595 in
1444 3559 1477 3597 eo
1499 3546 1574 3614 (dem

338 3632 411 3686 alten
428 3632 579 3699 Masinissa)
597 3632 766 3685 1111111111ιι
786 3632 825 3685 als
839 3630 990 3700 Grundlage
1008 3630 1098 3685 seiner
1111 3630 1288 3699 Gesundheit3
1306 3631 1396 3685 111111
1410 3632 1467 3685 und
1482 3651 1577 3689 sanus

337 3722 447 3776 werden
465 3721 493 3773 in
511 3722 564 3774 don
583 3720 767 3775 rhetorisohen
785 3720 922 3775 Schriften
940 3721 980 3774 ott
997 3720 1167 3787 verbunden,
1193 3737 1239 3773 um
1258 3720 1305 3773 das
1324 3720 1448 3775 Gesundo
1467 3739 1507 3777 zu
1528 3724 1575 3779 be·

338 3809 1325 3879 11111111θηὶ11(11101111111111101,1111111111,1ον1111100119111
1342 3825 1368 3862 u.
1387 3814 1410 3863 t.
1437 3841 1472 3850 -
1500 3813 1577 3868 inte·

334 3900 463 3968 ordonn
480 3900 654 3970 oablndo'nn‘s]
674 3899 725 3969 vgl.
741 3900 805 3953 Hor.
820 3901 869 3953 sat.
882 3900 920 3968 Π,
939 3901 964 3967 2,
985 3900 1031 3955 70:
1051 3898 1163 3967 „aooipe
1182 3914 1263 3967 nune,
1282 3898 1368 3951 vietus
1386 3899 1479 3954 tenuis
1501 3919 1580 3973 qnae⁸

337 3992 487 4058 quantaque
505 4006 596 4043 seeum
613 3990 617 4058 t
633 3990 744 4043 adferat.
781 3988 814 4042 In
832 3988 926 4057 primis
944 3988 1033 4043 valeas
1051 3988 1140 4042 bene“
1161 3990 1211 4042 111.

412 4093 468 4135 100.
487 4084 624 4133 notantes
642 4077 790 4147 (riilpsend)
810 4119 851 4132 ...
871 4078 945 4131 boves
963 4078 1077 4147 opimos]
1097 4077 1147 4131 Mit
1159 4078 1212 4131 den
1225 4076 1326 4131 derben
1340 4076 1525 4134 husdriioken
1539 4082 1578 4137 ist

336 4168 474 4222 rielleioht
486 4168 522 4222 M.
537 4167 669 4221 Antonius
682 4167 812 4236 gestreiit.
827 4198 861 4206 -
879 4166 996 4219 minime
1009 4166 1146 4236 conseque]
1161 4182 1227 4234 „am
1239 4166 1387 4235 wenigsten
1401 4167 1576 4225 erreiehen“

336 4258 424 4326 (11011
440 4257 618 4326 naohgehen);
637 4257 671 4309 de
684 4256 733 4310 fin.
748 4256 770 4323 1,
783 4258 831 4311 48:
851 4255 892 4324 „ii
910 4255 1073 4324 voluptatem
1092 4255 1236 4310 maximam
1250 4254 1432 4325 adipiscuntur
1446 4262 1578 4325 praeter.

335 4346 466 4400 mittenda
483 4346 648 4416 voluptate“.

407 4472 484 4540 Kap.
505 4472 557 4528 31).
598 4472 774 4541 timotheum]
798 4472 963 4539 Timotheus,
982 4473 1030 4525 der
1047 4471 1120 4526 Sohn
1137 4471 1255 4540 Konone,
1273 4471 1322 4524 der
1339 4468 1505 4537 Begriinder
1525 4476 1579 4532 des

264 4575 292 4685 ι
335 4560 447 4613 11111011
466 4559 640 4615 athenisohen
653 4559 807 4615 Seebundes
824 4562 887 4630 (377
902 4576 928 4615 v.
942 4560 1024 4629 Chr),
1043 4559 1087 4615 ein
1100 4560 1207 4615 Freund
1220 4558 1501 4617 wissensohaitlioher
1515 4564 1580 4621 Bil-
