3642 5225
310 472 346 533 8⁰
710 472 919 558 Tusculanarum
937 474 1144 543 disputationum

310 636 450 702 furorem
473 639 583 702 autem
607 655 676 702 esse
699 637 762 701 rati
785 639 862 702 sunt
883 636 1002 701 mentis
1026 634 1188 700 adomnia
1210 637 1405 702 caecitatem.
1448 636 1543 717 Quod

312 764 386 808 oum
414 744 519 808 maius
547 762 617 809 esse
641 744 788 809 videatur
812 763 909 826 quam
932 743 1072 821 insania,
1100 745 1210 808 tamen
1234 744 1390 808 eiusmodi
1413 747 1479 823 est,
1502 750 1543 810 ut

312 851 400 915 furor
427 851 461 914 in
490 850 668 934 sapientem
697 849 810 915 cadere
833 851 949 934 possit,
978 869 1041 914 non
1064 850 1165 932 possit
1191 850 1324 914 insania.
1371 850 1434 916 Sed
1463 853 1545 918 haec

312 959 375 1021 alia
399 958 544 1039 quaestio
568 959 635 1031 est;
657 975 716 1021 nos
740 957 781 1021 ad
804 957 1002 1040 propositum
1024 959 1233 1021 revertamur.

280 1055 302 1115 6
401 1063 536 1141 Cadere,
559 1064 682 1147 opinor,
705 1065 739 1128 in
762 1065 940 1147 sapientem
964 1064 1197 1147 aegritudinem
1220 1064 1278 1128 tibi
1302 1064 1409 1129 dixisti
1431 1066 1542 1131 videri.

270 1141 300 1183 ¹²
399 1171 441 1235 A.
475 1171 518 1234 Et
542 1190 614 1235 vero
638 1173 684 1235 ita
707 1171 860 1236 existimo.

400 1277 448 1341 Μ.
483 1278 671 1342 Humanum
686 1278 718 1342 id
735 1278 873 1361 quidem,
894 1278 979 1361 quod
993 1279 1040 1342 ita
1056 1279 1227 1343 existimas.
1262 1278 1334 1343 Non
1350 1280 1436 1344 enim
1452 1280 1541 1346 silice

310 1386 379 1448 nati
402 1404 530 1463 sumus,
560 1385 616 1450 sed
640 1387 690 1450 est
712 1385 860 1450 naturale
888 1386 921 1449 16
951 1386 1066 1450 animis
1089 1387 1236 1450 tenerum
1260 1385 1413 1468 quiddam
1441 1389 1541 1469 atque

310 1492 419 1570 molle,
450 1492 534 1575 quod
558 1492 756 1574 aegritudine
780 1493 873 1575 qnasi
895 1494 1087 1575 tempestate
1112 1493 1291 1575 quatiatur,
1318 1511 1379 1558 nee
1402 1494 1540 1558 absurde

311 1598 488 1664 Crantor
510 1600 578 1677 ille,
606 1599 717 1681 quiin
740 1601 849 1664 nostra
873 1599 1045 1664 Academia
1068 1600 1120 1664 vel
1141 1601 1175 1662 in
1197 1599 1308 1683 primis
1331 1598 1393 1664 fuit
1415 1599 1540 1678 nobilis,

310 1706 529 1783 ,‚Minime“,
553 1707 668 1788 inquit,
691 1705 927 1784 „adsentior
948 1707 1015 1784 iis,
1039 1707 1103 1789 qui
1124 1707 1247 1771 istam
1270 1708 1539 1789 nescioquam

310 1813 585 1878 indolentiam
618 1831 761 1895 magno
792 1832 913 1897 opere
942 1813 1131 1892 laudant,
1167 1832 1267 1897 quae
1296 1833 1369 1879 nec
1398 1817 1540 1898 potest

310 1920 397 1984 ulla
419 1939 502 1984 esse
525 1940 594 1985 nec
616 1920 744 1985 debet.
785 1920 841 1986 Ne
864 1925 1061 2002 aegrotus
1085 1922 1175 1995 sim;
1199 1922 1248 1998 si,
1271 1921 1384 2003 inquit,
1407 1920 1539 1999 fuero,

311 2045 460 2092 sensus
484 2027 610 2105 adsit,
640 2027 727 2092 sive
751 2031 918 2094 secetur
940 2028 1035 2110 quid
1059 2029 1143 2094 sire
1167 2028 1377 2093 avellatur
1405 2047 1424 2091 a
1452 2047 1539 2092 cor-

310 2153 412 2217 pore.
450 2134 543 2200 Nam
566 2135 677 2200 istuc
699 2135 805 2199 nihil
821 2135 958 2200 dolere
982 2154 1055 2200 666
1076 2135 1164 2199 sine
1187 2154 1330 2216 magna
1352 2134 1538 2200 mercede

310 2241 518 2322 contingit
540 2242 816 2306 immanitatis
838 2243 879 2306 in
902 2242 1049 2320 animo,
1073 2242 1255 2325 stuporis
1277 2242 1319 2305 in
1342 2246 1538 2325 corpore.“

268 2370 298 2413 ro
311 2347 374 2412 Sed
396 2347 579 2426 videamus,
602 2367 642 2412 ne
665 2349 745 2413 haec
768 2351 867 2413 oratio
891 2350 935 2413 sit
957 2349 1123 2414 hominum
1146 2349 1386 2414 adsentantium
1408 2351 1538 2414 nostrae

309 2454 520 2519 imbecillitati
555 2457 587 2520 et
618 2455 855 2538 indulgentium
883 2456 1094 2531 mollitudini3
1129 2475 1186 2520 nos
1222 2459 1331 2520 autem
1361 2456 1538 2521 audeamus

308 2667 378 2722 liebe
401 2667 564 2736 gebrauchte
582 2667 705 2737 Stellung
728 2669 765 2721 ist
788 2668 831 2723 die
855 2668 935 2722 Form
962 2669 1010 2722 der
1035 2668 1199 2724 Coniunctio.
1227 2698 1262 2708 -
1290 2668 1361 2737 quod
1383 2669 1456 2738 ouon]
1482 2667 1538 2738 „da

308 2756 398 2810 dieser
415 2757 560 2810 Zustand“.
582 2788 615 2796 -
639 2757 770 2827 furorem]
790 2757 840 2811 Die
858 2757 993 2812 Weisheit
1009 2757 1045 2811 ist
1061 2758 1131 2811 nach
1149 2757 1279 2812 stoiscber
1296 2756 1468 2826 Darstellung
1485 2774 1536 2809 un-

308 2844 466 2911 verlierbar;
486 2846 534 2899 der
547 2845 658 2915 septeno
672 2846 743 2899 kann
761 2846 806 2899 nie
819 2846 956 2915 1661661666
970 2846 1092 2914 werden;
1111 2846 1180 2900 doeh
1193 2846 1264 2900 lann
1277 2845 1428 2900 Wahnsinn
1442 2846 1536 2900 seinen

308 2934 384 2989 Geist
401 2937 546 2989 zerriitten.
571 2967 605 2975 —
630 2936 807 3005 revertamur]
831 2936 966 2989 Naehdem
993 2952 1026 2989 an
1044 2935 1106 2990 dem
1123 2935 1366 2990 lateinischen
1384 2934 1535 3003 Spraoh-

307 3023 450 3078 achatae
468 3025 511 3078 die
530 3024 650 3093 Begrifle
668 3025 794 3091 insonus,
813 3042 917 3091 amam,
935 3025 1016 3092 soror
1033 3025 1187 3080 belenchtet
1204 3024 1278 3093 sind,
1296 3023 1363 3078 wind
1381 3024 1424 3078 die
1443 3024 1536 3078 Thesis

307 3114 375 3168 iiber
392 3114 531 3183 6696616616
548 3113 650 3168 wieder
667 3114 873 3182 anigenommen
892 3113 1074 3185 (Digression).

377 3256 454 3325 Kap.
475 3258 507 3315 6.
548 3270 588 3311 ta.
612 3257 649 3310 Aa
666 3274 725 3310 aero
745 3258 799 3326 ...]
818 3257 886 3327 „Ja,
911 3257 956 3311 ioh
974 3256 1042 3312 habe
1065 3272 1094 3311 es
1116 3259 1207 3326 gesagt
1229 3257 1285 3310 und
1303 3255 1370 3310 habe
1389 3258 1468 3309 traun
1491 3256 1535 3309 die

306 3345 517 3415 Anscbauung“.
544 3378 578 3386 -
602 3346 681 3399 611166
699 3347 775 3416 nati]
795 3345 1019 3414 sprichwdrtlich3
1037 3346 1162 3414 1116111,
1183 3349 1207 3413 1,
1227 3346 1276 3400 64:
1302 3344 1352 3415 „in
1370 3346 1463 3398 tenero
1482 3347 1535 3399 stat

307 3434 355 3488 tibi
373 3435 451 3488 eorde
469 3434 572 3502 silex“;
590 3434 642 3502 egl.
662 3434 699 3502 II,
717 3438 760 3490 47.
780 3466 814 3475 -
837 3435 963 3505 Crantor]
983 3435 1027 3489 oin
1044 3436 1137 3503 Haupt
1154 3436 1203 3489 der
1217 3434 1362 3489 Akademie
1380 3435 1535 3505 (all-270

305 3540 332 3577 v.
352 3523 440 3592 Cha),
465 3522 571 3577 schrieb
595 3530 657 3597 περὶ
675 3529 803 3586 πένθους.
840 3524 964 3578 Dariiber
982 3524 1112 3578 16661161
1130 3523 1222 3581 Cicero
1240 3524 1321 3577 Aead.
1340 3540 1380 3591 pr.
1399 3523 1440 3591 H,
1467 3524 1534 3579 135:

307 3611 454 3681 „Legimus
472 3628 564 3666 omnes
578 3612 721 3680 Crantoris,
740 3612 840 3667 veteris
854 3612 1015 3681 Academici,
1034 3613 1067 3668 de
1085 3613 1174 3681 luctn3
1194 3615 1235 3667 est
1252 3613 1324 3666 enim
1341 3628 1395 3665 non
1414 3628 1534 3681 magnus,

306 3717 400 3755 verum
419 3701 542 3755 aureolus
561 3703 596 3769 et,
614 3704 645 3755 ut
658 3701 790 3756 Tuberoni
807 3701 952 3756 Panaetius
969 3702 1098 3771 praecipit
1116 3702 1154 3772 (in
1171 3703 1221 3756 der
1238 3701 1338 3756 diesem
1356 3701 1533 3771 gewidmeten

306 3790 409 3845 Sohrlft
426 3790 489 3859 „De
507 3790 597 3845 dolore
615 3791 781 3860 patiend0“),
801 3792 834 3845 ed
852 3791 966 3845 verbum
983 3792 1140 3846 ediscendus
1158 3790 1290 3845 libellus“
1323 3790 1374 3845 Die
1393 3789 1534 3845 86166666-

305 3879 427 3949 losiglreit
450 3878 607 3934 bezeichnet
629 3880 678 3934 der
700 3879 818 3934 Rhodion
841 3880 1024 3949 Hieronymus
1048 3881 1123 3950 (lura
1147 3881 1217 3935 nach
1235 3880 1397 3950 Alexander)
1423 3880 1462 3934 als
1487 3879 1534 3933 das

304 3970 417 4024 hdehste
435 3970 496 4024 Gut.
533 3969 685 4023 Indoleatia
708 3971 883 4041 (ἀναλγησία)
907 3970 974 4024 wird
998 3969 1057 4024 hier
1079 3970 1109 4023 in
1132 3971 1181 4025 der
1198 3959 1384 4039 Ubemetzung
1407 3969 1454 4023 fiir
1476 3986 1534 4022 6666

304 4058 391 4113 dolere
408 4058 491 4113 sehon
509 4058 578 4113 ohne
597 4059 707 4112 Anstnls
724 4059 883 4128 gebraucht,
907 4059 1034 4114 w‘ahrend
1053 4058 1145 4115 Cicero
1169 4059 1227 4113 sich
1245 4075 1298 4112 nur
1315 4059 1430 4129 adgemd
1449 4061 1480 4128 (s.
1500 4058 1534 4112 de

305 4148 354 4200 fin.
368 4148 405 4216 H,
425 4149 469 4217 11)
488 4164 537 4202 zur
554 4146 725 4217 Neubildung
743 4147 896 4203 entschlols.
917 4179 950 4188 —
969 4148 1059 4202 666616
1077 4149 1171 4219 paam]
1190 4147 1368 4203 veraobtlioh:
1388 4148 1471 4217 „jene
1490 4163 1533 4201 so-

304 4238 468 4306 genannte“.
494 4269 528 4277 —
553 4254 610 4291 non
631 4237 692 4291 sine
709 4254 812 4306 magno
828 4238 956 4307 meraede]
980 4253 1043 4291 mam
1067 4238 1138 4293 muls
1161 4237 1214 4292 viel
1238 4236 1372 4307 hingeben
1394 4236 1449 4289 und
1472 4235 1533 4287 hin-

305 4324 436 4379 nehmcn:
455 4325 553 4393 „nicht
571 4325 640 4380 ohne
659 4326 778 4380 schwere
796 4326 910 4395 Auflage
929 4326 1069 4398 (Strate)“,
1088 4327 1205 4382 namlioh
1223 4326 1267 4380 die
1285 4327 1333 4379 der
1417 4355 1452 4365 —
1474 4328 1532 4377 atu-

301 4413 391 4483 poris]
410 4418 590 4484 ἀναισθησία,
609 4415 888 4485 „Gefiihllosigleit“;
907 4416 973 4471 Gen.
993 4417 1187 4486 epexegetieus.

380 4516 419 4559 ts.
447 4504 486 4558 Zu
511 4504 586 4557 einer
609 4503 806 4575 selbsttindlgen
824 4505 947 4576 Stellung
970 4506 998 4559 in
1021 4506 1070 4560 der
1091 4506 1177 4576 Frage
1201 4505 1268 4561 iiber
1291 4502 1333 4558 die
1352 4503 1461 4557 Affekte
1486 4503 1533 4558 hat
