3642 5225
736 524 794 582 rra.
813 527 861 596 ru,
881 544 903 581 ι.
923 529 1037 585 15-17.
1451 526 1503 589 loo

363 692 447 771 Ergo
470 690 531 768 hic,
555 691 700 772 quisquis
724 693 781 768 est,
806 691 861 772 qui
882 690 1098 755 moderatione
1123 692 1155 755 et
1178 691 1358 755 constantia
1374 689 1501 773 quietus
1514 678 1553 739 17

275 798 381 863 animo
411 801 462 862 est
492 797 614 879 sibique
644 799 712 880 ipse
740 799 901 880 placatae,
932 800 970 862 ut
999 817 1058 862 neo
1088 799 1232 863 tabescat
1260 798 1415 863 molestiis
1444 766 1544 863 nec³³

275 905 442 988 frangatur
464 906 577 969 timore
601 920 660 969 nec
683 905 827 969 sitienter
851 905 929 986 quid
952 907 1101 988 expetens
1125 905 1236 969 ardeat
1260 904 1414 969 desiderio
1444 924 1503 970 nec

275 1013 441 1077 alacritate
464 1011 565 1075 futtili
588 1013 727 1094 gestiens
751 1012 957 1094 deliquesoat
980 1012 1008 1076 is
1032 1014 1081 1076 est
1104 1013 1239 1095 sapiens,
1263 1031 1359 1093 quem
1379 1013 1504 1094 quaeri-

273 1138 364 1197 mus,
392 1120 420 1182 is
444 1122 494 1183 eat
517 1120 645 1197 beatus,
679 1119 731 1183 cni
753 1119 834 1182 nihil
856 1119 1072 1183 humanarum
1094 1138 1203 1184 rerum
1226 1121 1283 1184 aut
1305 1119 1502 1184 intolerabile

276 1226 318 1291 ad
334 1225 566 1291 demittendum
590 1225 734 1289 animum
757 1227 815 1289 aut
837 1226 932 1290 nimis
955 1225 1103 1290 laetabile
1128 1225 1169 1289 ad
1187 1224 1380 1290 efferendum
1403 1225 1503 1290 videri

274 1334 389 1417 potest.
436 1331 519 1411 Quid
548 1332 633 1396 enirn
660 1331 806 1396 videatur
834 1332 863 1395 ei
889 1351 1045 1413 maguum
1071 1333 1104 1396 in
1134 1333 1229 1396 rebus
1257 1333 1422 1410 humanis,
1452 1332 1504 1398 cui
1546 1330 1548 1338 ’

276 1440 449 1504 aeternitas
473 1439 575 1503 omnis
591 1438 754 1520 totiusque
777 1439 889 1503 mnndi
911 1441 988 1503 nota
1011 1439 1053 1503 sit
1075 1439 1286 1521 magnitudo?
1325 1440 1410 1504 Nam
1427 1440 1503 1522 quid

275 1548 389 1612 autin
412 1546 526 1610 studiis
541 1547 691 1610 humanis
716 1547 827 1610 autin
851 1549 918 1611 tarn
943 1546 1056 1628 exigua
1071 1547 1226 1611 brevitate
1243 1547 1326 1610 vitae
1349 1565 1504 1628 magnum

222 1674 224 1678 ’
276 1654 413 1738 sapienti
436 1653 535 1717 videri
557 1656 676 1736 potest,
705 1654 760 1735 qni
783 1673 909 1736 semper
932 1654 1037 1718 animo
1063 1654 1108 1718 sio
1131 1655 1281 1731 excubat,
1312 1656 1350 1718 ut
1372 1652 1402 1718 ei
1424 1654 1504 1717 nihil

275 1761 482 1843 improvisum
514 1760 654 1824 accidere
686 1760 801 1843 possit,
830 1760 910 1823 nihil
939 1760 1153 1843 inopinatum,
1183 1761 1263 1824 nihil
1293 1761 1420 1825 omnino
1449 1781 1505 1826 no-

275 1870 376 1932 rum?
421 1870 527 1948 Atque
550 1867 635 1931 idern
658 1868 705 1930 ita
728 1886 833 1932 acrem
856 1868 890 1930 in
914 1886 1022 1932 omnes
1043 1869 1151 1951 partes
1175 1867 1275 1933 aciem
1299 1867 1445 1945 intendit,
1467 1872 1548 1933 utra

277 1993 401 2057 semper
428 1974 536 2038 videat
563 1974 671 2038 sedem
700 1975 760 2039 sibi
790 1993 826 2039 ao
853 1975 959 2038 locum
988 1975 1055 2040 sine
1082 1976 1230 2040 molestia
1261 1978 1358 2058 atque
1389 1994 1504 2058 angore

276 2082 415 2157 vivendi,
446 2085 496 2158 ut,
525 2101 758 2163 quemcumque
783 2101 892 2146 casum
916 2081 1045 2146 fortuna
1067 2083 1237 2158 invexerit,
1266 2083 1352 2146 huno
1376 2085 1449 2165 apte
1472 2084 1506 2146 et

279 2189 386 2271 quiete
409 2188 508 2262 ferat3
533 2189 617 2270 quod
641 2190 696 2271 qui
719 2188 827 2264 faciet,
850 2208 914 2253 non
938 2188 1136 2271 aegritudine
1161 2190 1265 2254 solum
1287 2190 1426 2267 vacabit,
1450 2189 1505 2253 sed

278 2295 376 2361 etiam
398 2296 690 2379 perturbationibus
714 2296 844 2378 reliquis
875 2297 1032 2360 omnibus.
1077 2296 1136 2361 His
1160 2299 1268 2361 autem
1292 2315 1411 2361 vacuus
1440 2297 1507 2361 ani·

276 2422 350 2467 mus
374 2402 512 2485 perfecte
536 2404 632 2483 atque
656 2403 799 2467 absolute
823 2404 934 2497 beatos
959 2402 1070 2480 elficit,
1099 2403 1247 2486 idemque
1271 2404 1449 2469 concitatus
1474 2405 1506 2468 et

278 2510 458 2574 abstractus
494 2510 533 2573 ab
562 2510 688 2590 integra
723 2512 873 2590 certaque
909 2509 1031 2573 ratione
1062 2529 1125 2573 non
1160 2512 1372 2575 constantiam
1402 2511 1506 2575 solum

278 2618 408 2695 amitt't‚
431 2636 542 2682 verum
566 2618 663 2681 etiarn
687 2617 866 2680 sanitatem.
1443 2631 1446 2639 ·

369 2723 523 2803 Quocirca
545 2724 650 2787 mollis
675 2727 707 2788 et
731 2728 881 2789 enervata
904 2725 1047 2807 putanda
1071 2728 1120 2789 est
1135 2725 1507 2808 Peripateticorum

277 2831 361 2896 ratio
384 2834 418 2896 et
440 2833 549 2908 oratio,
573 2832 627 2912 qui
650 2832 830 2913 perturbari
854 2832 976 2896 animos
993 2851 1121 2921 necesse
1137 2833 1249 2897 dicunt
1271 2852 1349 2910 esse,
1373 2833 1428 2897 sed
1453 2833 1508 2897 ab·

278 2939 392 3003 hibent
406 2939 537 3002 modum
554 2938 722 3019 quendam,
739 2958 834 3019 quem
850 2940 937 3002 ultra
952 2940 1099 3022 progredi
1114 2960 1176 3003 non
1193 2943 1345 3022 oporteat
1374 2940 1507 3004 Modum
1518 2957 1550 3001 aa

351 3220 429 3289 Kap.
452 3223 500 3278 lu.
540 3234 581 3275 ar.
605 3238 655 3274 nec
732 3222 790 3289 nee]
817 3220 882 3273 zwei
907 3220 1005 3286 Puera,
1030 3220 1079 3272 der
1102 3219 1240 3288 aegritudo
1263 3219 1318 3272 und
1342 3219 1426 3273 libido
1449 3223 1507 3273 ent·

278 3309 437 3377 sprechend.
457 3341 490 3350 —
515 3309 686 3379 detequaacot]
707 3308 896 3376 ,‚ze1ilielst“;
920 3308 963 3362 dio
982 3309 1085 3362 Frende
1104 3307 1215 3361 bewirlrt
1232 3308 1279 3363 das
1298 3308 1436 3377 Gegenteil
1456 3325 1508 3363 von

278 3399 436 3453 contractio.
456 3430 490 3438 —
509 3417 588 3468 quem
606 3399 774 3467 quomrum]
794 3399 863 3466 „das
880 3397 954 3452 Ideal
974 3414 1026 3451 von
1046 3401 1126 3465 ...“‚
1152 3397 1201 3451 wie
1219 3397 1311 3467 huufig
1329 3397 1360 3451 in
1375 3398 1428 3451 den
1447 3398 1508 3452 rhe-

278 3488 416 3543 torisohen
429 3488 574 3543 Schriften.
595 3520 628 3527 —
646 3489 684 3542 ad
700 3488 904 3558 demittendum]
921 3513 953 3532 =
973 3493 1003 3541 ut
1016 3487 1146 3541 demittat.
1161 3519 1195 3526 —
1213 3488 1333 3557 mactat]
1352 3487 1385 3541 tra
1399 3490 1510 3558 opaeulo

280 3577 397 3646 (Warte)
415 3577 493 3631 uitae.

355 3678 395 3723 ³8.
414 3666 537 3735 eidemque
554 3666 716 3736 concitatas]
736 3666 821 3733 „aber
836 3669 908 3720 ...“.
929 3698 962 3706 -
981 3667 1064 3736 ratio]
1082 3666 1155 3720 ratio
1173 3667 1228 3720 und
1246 3667 1333 3721 oratio
1351 3683 1434 3736 gerne
1448 3684 1509 3721 ver.-

279 3755 389 3810 hunden
403 3756 557 3826 (=tdyo;).
577 3787 611 3795 -
629 3756 740 3809 modum
753 3757 897 3826 quotidem]
916 3745 988 3809 liber
1001 3755 1045 3809 die
1057 3754 1320 3810 Mittelatfehte
1338 3757 1396 3810 der
1409 3757 1509 3811 Peri-

279 3844 462 3915 patetiher
479 3844 721 3913 (Aristoteles,
740 3845 970 3913 Theophrast)
989 3860 1009 3898 a.
1030 3862 1064 3898 zu
1083 3845 1136 3912 111,
1156 3846 1191 3900 74
1213 3846 1268 3898 und
1286 3845 1510 3914 Disposition

280 3934 308 3990 S.
327 3936 370 3990 53.
406 3934 515 4003 Richtig
532 3935 640 3988 werden
659 3934 701 3987 die
720 3934 786 3988 zwei
805 3934 908 4001 Fragen
926 3935 1122 4002 autgeworien:
1142 3933 1211 4000 „Wo
1230 3934 1265 3987 ist
1280 3934 1349 3989 Mass
1368 3950 1510 3988 anzuwen-

280 4024 375 4078 (161ιῖιι
390 4024 445 4077 und
460 4023 606 4091 „Welohes
619 4023 688 4077 Male
706 4024 742 4077 ist
759 4024 982 4077 anzuwenden?“
1011 4023 1084 4077 Ahar
1101 4022 1144 4076 dia
1158 4025 1313 4076 Antworten
1333 4023 1511 4089 antaprechen

280 4112 356 4167 nieht
383 4113 431 4165 der
456 4112 569 4166 Ansieht
594 4113 641 4166 des
666 4112 823 4166 Aristoteles
848 4128 900 4165 von
928 4112 980 4166 dan
1004 4111 1095 4166 Tailen
1123 4112 1171 4164 der
1194 4110 1270 4166 Seele
1298 4111 1350 4164 und
1379 4128 1431 4164 uon
1458 4112 1511 4165 den

280 4201 418 4257 Afiehten.
455 4202 511 4255 huf
533 4201 576 4255 die
600 4204 670 4255 erate
692 4202 777 4268 Frage
801 4203 943 4256 antwortet
960 4201 1067 4257 Cicero:
1093 4200 1207 4271 „vitio“.
1244 4200 1316 4254 Aber
1337 4200 1381 4253 die
1400 4200 1511 4255 inerte

282 4290 422 4345 entstehen
445 4290 512 4344 nach
533 4290 689 4345 Aristoteles
708 4306 756 4344 aus
774 4291 826 4343 den
844 4290 970 4360 Theben,
996 4290 1039 4344 die
1058 4307 1088 4345 er
1105 4291 1151 4344 fiir
1173 4290 1353 4359 naturgemals
1376 4289 1433 4346 holt
1455 4292 1511 4345 und

281 4379 325 4435 die
343 4397 406 4435 man
430 4382 485 4434 eret
507 4381 590 4447 dann,
616 4396 693 4434 wenn
717 4379 756 4434 sie
781 4380 833 4433 den
855 4380 973 4434 hdheren
993 4379 1083 4434 Tailen
1106 4381 1154 4434 der
1176 4378 1252 4435 Seole
1276 4378 1419 4449 (Einsicht‚
1442 4380 1511 4434 Ver-

280 4470 370 4538 stand)
384 4468 460 4523 nicht
472 4468 550 4522 mehr
563 4468 621 4522 sich
634 4469 726 4538 iligen,
745 4468 785 4522 als
798 4468 875 4535 vitro,
894 4467 934 4521 als
943 4468 1159 4537 perturbationes
1173 4485 1207 4523 zu
1221 4468 1384 4523 bezeichnen
1398 4468 1466 4523 siud.
1480 4500 1511 4510 —

281 4576 361 4629 qaoem
378 4559 462 4628 ultra]
477 4559 542 4612 Hor.
556 4561 605 4612 sat.
620 4558 642 4626 1,
659 4560 764 4626 1,106:
783 4558 873 4625 „Sunt
887 4557 953 4611 certi
967 4558 1083 4627 denique
1098 4558 1177 4626 linos,
1193 4561 1198 4629 l
1215 4558 1285 4625 Quos
1303 4558 1374 4613 ultra
1393 4558 1512 4624 citraque
