3642 5225
291 525 330 592 20
691 527 901 585 Timorrlanarum
919 528 1127 598 disputationum

292 692 444 775 probata,
473 691 619 775 pluribus
649 690 748 755 etiam
778 693 928 774 suspeota
958 693 991 756 et
1019 689 1146 755 invisa?
1191 694 1243 756 An
1271 691 1355 773 quod
1385 693 1526 776 eorporis

293 797 485 879 gravitatem
514 800 549 862 et
576 797 717 861 dolorem
745 797 850 862 animo
873 796 1068 874 iudioamus,
1099 797 1197 862 animi
1219 798 1368 863 morbum
1396 817 1526 883 corpore

293 923 357 967 non
380 903 560 968 sentimus?
605 903 658 968 Ita
679 903 733 983 fit,
763 907 801 969 ut
824 904 950 969 animus
973 903 1012 968 de
1043 905 1168 988 seipse
1191 907 1262 970 tum
1285 904 1420 981 iudioet,
1450 909 1527 971 oiim

269 1010 326 1082 aid
349 1011 471 1094 ipsum,
502 1030 564 1093 quo
594 1010 769 1088 iudioatur,
800 1013 951 1093 aegrotet.
998 1010 1119 1091 Quodsi
1141 1013 1224 1076 tales
1246 1030 1304 1076 nos
1327 1013 1445 1076 natura
1471 1031 1527 1094 ge·

293 1118 432 1195 nuisset,
466 1121 504 1181 ut
534 1137 606 1183 eam
635 1119 738 1202 ipsam
751 1118 887 1183 -intueri
921 1119 955 1183 et
981 1118 1159 1202 perspicere
1194 1118 1369 1200 eademque
1404 1119 1527 1202 optima

294 1223 375 1288 duoe
410 1243 541 1289 onrsum
572 1225 656 1289 vitae
689 1224 841 1290 oonfioere
870 1242 1055 1308 possemus,
1088 1224 1175 1289 haud
1210 1227 1280 1289 erat
1310 1244 1404 1303 sane,
1432 1225 1527 1308 -quod

294 1330 465 1413 quisquam
487 1330 646 1396 rationem
669 1349 706 1397 eo
721 1331 898 1397 doctrinam
920 1331 1107 1413 requireret
1144 1331 1239 1396 Nono
1261 1332 1410 1415 parvulos
1433 1332 1525 1396 nobis

294 1435 383 1502 dedit
404 1438 575 1520 ignioulos,
607 1457 686 1520 quos
715 1437 860 1503 eeleriter
888 1438 983 1502 malis
1009 1438 1151 1502 moribus
1180 1438 1443 1521 opinionibusque
1471 1438 1527 1503 de·

293 1543 419 1626 pravati
448 1544 494 1610 sio
522 1545 769 1627 restinguimus,
803 1547 841 1609 ut
869 1563 1032 1628 nusquam
1059 1547 1193 1610 naturae
1222 1547 1333 1611 lumen
1363 1548 1526 1628 appareat.

295 1649 379 1715 Sunt
413 1650 498 1716 enim
535 1652 671 1733 ingeniis
709 1651 829 1716 nostris
863 1651 987 1717 semina
1022 1652 1134 1716 innata
1167 1652 1342 1730 virtutum,
1381 1671 1463 1734 quae
1497 1653 1526 1718 si

293 1880 426 1949 gedeutet.
445 1911 480 1920 —
494 1880 621 1950 probatu]
639 1880 693 1934 Rea
711 1879 786 1934 miti
797 1879 932 1950 probatur
950 1896 1002 1948 „es
1019 1880 1107 1935 findet
1125 1882 1206 1935 etwas
1224 1880 1332 1936 meinen
1346 1881 1475 1937 Beifull“.
1489 1914 1525 1922 —

289 1968 420 2040 plurimes
443 1968 529 2023 mium
550 1969 685 2039 suspecta]
710 1967 827 2037 Popultir
849 1969 941 2024 worda
964 1968 1008 2023 die
1026 1967 1196 2037 Philosophia
1221 1986 1255 2022 nu
1274 1969 1342 2023 Rom
1364 1969 1409 2024 nie
1428 2001 1462 2010 —
1481 1969 1526 2024 die

293 2058 409 2113 stoisohe
427 2059 483 2112 und
501 2057 685 2128 epilmrsisehe
704 2057 783 2112 Ethih
801 2074 1022 2128 eusgenommen3
1047 2056 1103 2112 viel
1121 2075 1156 2112 nu
1173 2056 1388 2127 philosophieren
1406 2060 1528 2128 vertrtgt

294 2147 352 2202 eieh
369 2147 445 2202 nieht
462 2147 512 2202 mit
530 2149 578 2203 der
596 2147 782 2217 Bestimmung
798 2148 847 2202 des
864 2147 1017 2203 r‘omieohen
1034 2147 1167 2216 Biirgers:
1192 2163 1306 2215 „vereor
1323 2147 1471 2216 interdum,
1489 2165 1527 2202 ne

294 2235 387 2291 talium
406 2252 580 2305 personarum
597 2236 659 2307 (wie
677 2236 753 2306 Cato)
771 2252 833 2290 enm
857 2235 1021 2306 amplificare
1039 2235 1135 2304 velim,
1160 2236 1280 2292 minuam
1303 2235 1382 2292 etiam
1405 2236 1525 2306 gloriam.

293 2325 363 2380 Sunt
381 2324 453 2379 enim
470 2324 562 2393 multi,
588 2325 634 2395 qui
652 2325 759 2380 omnino
778 2326 893 2381 Graecae
916 2340 970 2379 non
994 2327 1084 2380 ament
1101 2324 1219 2393 litteras,
1244 2324 1349 2395 plures,
1375 2325 1420 2396 qui
1438 2325 1527 2395 philo-

294 2413 427 2483 sophiam,
446 2413 556 2483 reliqni,
575 2414 622 2484 qui
640 2414 744 2469 etiamsi
761 2413 828 2469 haeo
846 2430 900 2469 non
919 2413 1083 2483 improbent,
1106 2416 1196 2469 temen
1215 2431 1308 2469 earum
1326 2431 1415 2470 rerum
1434 2415 1527 2485 dispu-

293 2501 421 2557 tationem
439 2502 604 2572 prinoipibue
622 2503 737 2558 civitatis
754 2519 809 2558 non
826 2503 865 2558 ita
881 2504 1005 2559 deeoram
1022 2506 1139 2574 putent“
1154 2505 1215 2574 (ho.
1230 2521 1270 2573 pr.
1285 2505 1321 2572 Π,
1340 2504 1376 2574 5).
1408 2504 1449 2558 De
1468 2521 1526 2574 rep.

294 2593 323 2662 Ι,
347 2594 397 2651 30:
422 2591 636 2662 „Neoptolemus
653 2593 749 2662 Ennii,
773 2593 820 2665 qui
842 2593 928 2649 seuit
950 2593 1130 2664 philosophari
1148 2593 1233 2663 velle,
1259 2594 1306 2649 sed
1330 2594 1436 2664 pauois3
1462 2610 1527 2650 nam

295 2682 402 2737 omnino
420 2683 490 2737 haud
508 2683 636 2752 plaeere“
654 2683 710 2737 und
728 2685 803 2737 sonet
819 2684 903 2739 ditans
922 2683 969 2753 (ΙΙ,
989 2686 1005 2739 1
1023 2684 1079 2737 und
1097 2683 1156 2753 ll);
1176 2683 1246 2739 auoh
1263 2685 1292 2738 in
1311 2684 1360 2738 der
1377 2683 1528 2739 Kaiserzeit

294 2771 342 2826 hat
354 2771 412 2826 eioh
425 2772 472 2826 das
485 2772 560 2827 nieht
572 2772 714 2841 getndert:
729 2812 745 2840 „
750 2772 879 2827 Memoria
891 2774 971 2827 teneo
985 2771 1093 2827 solitum
1106 2771 1194 2841 ipsum
1203 2771 1346 2842 (hgrioolu,
1360 2772 1526 2842 Sohwieger-

294 2862 372 2915 vater
389 2860 436 2916 dee
453 2860 568 2930 Tacitus)
586 2877 695 2916 narrare
713 2877 743 2916 se
760 2862 846 2930 prime
862 2861 891 2915 in
909 2860 1020 2916 iuventa
1036 2860 1154 2916 studium
1172 2861 1353 2930 philosophiae
1377 2862 1465 2916 aerius
1482 2861 1527 2916 ul·

294 2952 389 3019 traque
407 2965 487 3019 quam
505 2966 662 3005 oonoessum
679 2950 799 3005 Romano
822 2966 853 3005 ao
875 2950 992 3005 senatori
1010 2949 1144 3017 hausisse,
1168 2949 1197 3003 ni
1215 2949 1356 3019 prudentie
1373 2950 1466 3005 matris
1484 2949 1527 3003 in-

295 3054 405 3093 eensum
423 3056 455 3093 ao
472 3038 633 3109 flagrantem
653 3040 772 3094 animum
789 3040 973 3095 οοόιοιιίεεθῒιι
992 3039 1061 3110 (Tae.
1081 3041 1158 3108 Agr,
1181 3039 1247 3108 Kap.
1267 3040 1303 3108 4).
1328 3069 1363 3079 -
1386 3057 1426 3094 ou
1444 3040 1527 3111 pseud]

295 3127 393 3195 „nieht
410 3127 485 3182 wehr
503 3131 572 3195 ...“,
597 3128 688 3197 „doeh
705 3127 777 3183 wohl
795 3130 863 3183 ...“.
889 3160 924 3169 —
948 3128 1070 3198 corporet
1090 3126 1254 3198 pronitatem
1277 3133 1302 3183 et
1326 3129 1453 3200 dolorem]
1471 3129 1529 3184 tasi

295 3217 496 3286 Hendiadyoin:
527 3218 575 3272 des
602 3218 721 3287 Ktrpers
747 3217 934 3273 Besohwemis
963 3218 1018 3272 und
1045 3216 1185 3286 sobnam,
1216 3217 1271 3273 den
1301 3217 1527 3274 besohwerenden

294 3305 422 3362 Sohmerz
440 3308 489 3361 des
506 3307 634 3376 Korpers.
653 3338 687 3347 —
706 3324 758 3377 quo
775 3307 926 3378 iude'eotur]
946 3306 1057 3377 „Organ
1074 3307 1122 3361 des
1140 3306 1307 3362 Urteilens“.

369 3408 391 3449 r.
414 3395 491 3449 houd
506 3400 565 3449 erat
581 3412 659 3463 eone,
683 3396 755 3465 quod
770 3396 929 3467 quisperant]
953 3412 1005 3465 „so
1023 3400 1095 3451 were
1113 3394 1257 3451 sioherlieh
1274 3395 1336 3451 hein
1355 3397 1447 3451 Grund
1465 3411 1527 3450 vor-

294 3482 410 3552 handeu‚
428 3484 486 3539 dats
503 3483 611 3553 jemand
630 3487 710 3552 ...“;
728 3484 778 3539 der
794 3483 903 3540 Irrealis
922 3484 989 3539 wird
1006 3484 1124 3540 deutlich
1142 3485 1227 3541 duroh
1245 3486 1292 3541 das
1309 3485 1434 3556 fulgendo
1451 3502 1528 3541 mmo

297 3596 330 3617 =
349 3584 400 3627 νῦν
417 3576 462 3640 δέ,
481 3588 533 3641 „so
551 3573 646 3642 aber“‚
669 3573 721 3627 wie
738 3573 878 3629 weiterhin
896 3590 972 3628 nuno
988 3575 1087 3629 eodm.
1107 3605 1142 3615 -
1165 3574 1302 3630 rattmwm
1318 3581 1343 3630 et
1360 3575 1526 3646 domrinom]

295 3660 340 3716 die
358 3660 535 3731 Philosophia.
555 3693 589 3703 -
604 3663 744 3733 parvulae]
763 3662 906 3731 Adjektiva
922 3662 951 3716 in
969 3662 1018 3717 der
1030 3662 1328 3733 Verkleinerungsform
1346 3664 1412 3718 liebt
1424 3663 1527 3732 Oioero,

295 3766 326 3805 so
339 3750 478 3805 umfredus
492 3752 509 3819 ξ
523 3754 567 3820 38,
585 3751 739 3807 &hebudes
753 3753 770 3820 ξ
784 3753 827 3821 46,
845 3750 1011 3807 candidulus
1025 3753 1058 3819 V,
1067 3752 1111 3819 46,
1130 3751 1260 3807 lambecius
1273 3752 1307 3821 V,
1323 3755 1382 3821 103,
1400 3754 1527 3808 mulus

296 3839 340 3909 (de
358 3842 412 3894 nat.
426 3840 498 3895 deor.
512 3840 563 3909 ΠΙ,
578 3842 631 3911 18),
650 3842 823 3909 σοπὶοήιιὶιω,
842 3841 975 3909 ourmlue,
994 3840 1157 3908 mimetulue,
1176 3840 1307 3897 miaedue.
1327 3873 1362 3883 -
1380 3842 1526 3913 thammo]

296 3928 347 3984 Die
365 3928 469 3984 Stoiher
486 3929 694 3985 identifinierten
711 3930 765 3985 den
783 3928 858 3985 Geist
874 3929 911 4000 (V
911 3930 1035 3999 emunit,
1054 3929 1126 3996 Gott)
1145 3930 1195 3985 mit
1212 3931 1274 3986 dem
1292 3930 1394 3999 Fauen
1416 3931 1528 3987 mnken

296 4034 350 4072 von
367 4018 468 4074 diesem
486 4019 628 4075 Gottieuer
644 4018 705 4074 sind
722 4019 792 4074 euoh
809 4017 847 4073 im
865 4018 1014 4075 Mensohen
1033 4018 1145 4089 (Seele);
1164 4035 1185 4074 s.
1204 4020 1226 4089 Ι,
1247 4022 1295 4089 l9;
1314 4019 1355 4088 H,
1375 4021 1418 4077 58.
1455 4019 1529 4075 hber

296 4107 341 4162 die
367 4096 565 4177 Uberaengung
593 4124 645 4162 von
671 4109 734 4164 dem
761 4107 932 4164 natiirliohen
944 4108 1219 4179 .Wahrheitsgefiihl,
1250 4109 1313 4164 dem
1340 4108 1528 4179 angeborenen

296 4195 407 4251 Wissen
431 4198 487 4251 und
504 4198 553 4252 der
576 4196 748 4253 natiirliohen
765 4197 1003 4268 Tugendfa'higlreit
1019 4198 1055 4253 ist
1072 4197 1169 4254 frither
1192 4197 1269 4253 nieht
1293 4213 1323 4253 eo
1340 4197 1459 4253 deutlich
1476 4196 1528 4253 wie

297 4299 351 4338 von
364 4284 456 4341 Oioero
474 4287 687 4356 ausgesproohen
705 4288 821 4342 worden.
840 4318 875 4330 -
893 4288 1011 4343 Beaohte
1024 4286 1068 4342 die
1085 4287 1231 4357 gehtuften
1243 4286 1423 4343 Diminutiva:
1442 4284 1528 4354 „Nun

297 4372 362 4428 aber
442 4391 495 4428 nur
507 4375 619 4446 winnige
633 4376 815 4445 Fiinhohen“;
833 4376 928 4432 derum
942 4375 1053 4432 erlisoht
1065 4377 1113 4431 des
1131 4374 1281 4431 natdrliohe
1294 4375 1374 4431 Lioht
1386 4390 1416 4428 so
1430 4372 1527 4443 leioht;

297 4462 390 4517 darum
408 4462 521 4518 hrauoht
538 4481 600 4521 man
617 4465 661 4520 die
679 4466 798 4521 Lenohte
821 4466 870 4522 der
887 4464 1066 4536 Philosophia.
1091 4496 1126 4505 —
1150 4464 1272 4519 moribus
1290 4463 1527 4535 opinionibusque]

298 4569 333 4607 zu
355 4551 504 4623 depravati.
529 4584 563 4595 -
590 4554 708 4626 semino]
732 4556 769 4611 lde
791 4555 860 4627 folgt
882 4557 933 4612 der
955 4553 1059 4626 gleiohe
1078 4554 1202 4610 Gedanhe
1221 4552 1310 4623 (noto
1334 4553 1481 4624 mammos)
1500 4554 1529 4607 in
