<?xml version="1.0" encoding="UTF-8"?>
<!DOCTYPE html PUBLIC "-//W3C//DTD XHTML 1.0 Transitional//EN"
    "http://www.w3.org/TR/xhtml1/DTD/xhtml1-transitional.dtd">
<html xmlns="http://www.w3.org/1999/xhtml" xml:lang="en" lang="en">
 <head>
  <title>
</title>
<meta http-equiv="Content-Type" content="text/html;charset=utf-8" />
  <meta name='ocr-system' content='tesseract 3.04.00' />
  <meta name='ocr-capabilities' content='ocr_page ocr_carea ocr_par ocr_line ocrx_word'/>
</head>
<body>
  <div class='ocr_page' id='page_1' title='image "./mtulliiciceroni71cicegoog/mtulliiciceroni71cicegoog_0073.png"; bbox 0 0 3642 5225; ppageno 0'>
   <div class='ocr_carea' id='block_1_1' title="bbox 739 535 1506 606">
    <p class='ocr_par' dir='ltr' id='par_1_1' title="bbox 739 535 1506 606">
     <span class='ocr_line' id='line_1_1' title="bbox 739 535 1506 606; baseline 0.003 -14"><span class='ocrx_word' id='word_1_1' title='bbox 739 538 797 593; x_wconf 88' lang='lat' dir='ltr'>Lib.</span> <span class='ocrx_word' id='word_1_2' title='bbox 816 538 866 606; x_wconf 89' lang='lat' dir='ltr'>HI,</span> <span class='ocrx_word' id='word_1_3' title='bbox 886 554 909 593; x_wconf 93' lang='lat' dir='ltr'>c.</span> <span class='ocrx_word' id='word_1_4' title='bbox 928 539 1043 594; x_wconf 67' lang='lat' dir='ltr'>att-27.</span> <span class='ocrx_word' id='word_1_5' title='bbox 1470 535 1506 597; x_wconf 77' lang='grc'>67</span> 
     </span>
    </p>
   </div>
   <div class='ocr_carea' id='block_1_2' title="bbox 279 699 1506 783">
    <p class='ocr_par' dir='ltr' id='par_1_2' title="bbox 279 699 1506 783">
     <span class='ocr_line' id='line_1_2' title="bbox 279 699 1506 783; baseline -0.003 -16"><span class='ocrx_word' id='word_1_6' title='bbox 279 703 340 768; x_wconf 90' lang='lat' dir='ltr'>Hic</span> <span class='ocrx_word' id='word_1_7' title='bbox 363 703 520 781; x_wconf 73' lang='lat' dir='ltr'>decernit,</span> <span class='ocrx_word' id='word_1_8' title='bbox 547 703 585 767; x_wconf 92' lang='lat' dir='ltr'>ut</span> <span class='ocrx_word' id='word_1_9' title='bbox 613 703 710 766; x_wconf 89' lang='lat' dir='ltr'>miser</span> <span class='ocrx_word' id='word_1_10' title='bbox 740 702 791 766; x_wconf 84' lang='lat' dir='ltr'>sit</span> <span class='ocrx_word' id='word_1_11' title='bbox 836 700 1018 782; x_wconf 89' lang='lat' dir='ltr'>Numquis</span> <span class='ocrx_word' id='word_1_12' title='bbox 1046 700 1145 783; x_wconf 90' lang='lat' dir='ltr'>igitur</span> <span class='ocrx_word' id='word_1_13' title='bbox 1168 700 1340 783; x_wconf 89' lang='lat' dir='ltr'>quicquam</span> <span class='ocrx_word' id='word_1_14' title='bbox 1364 699 1506 764; x_wconf 78' lang='lat' dir='ltr'>decernit</span> 
     </span>
    </p>
   </div>
   <div class='ocr_carea' id='block_1_3' title="bbox 277 812 1345 1017">
    <p class='ocr_par' dir='ltr' id='par_1_3' title="bbox 277 812 1345 1017">
     <span class='ocr_line' id='line_1_3' title="bbox 277 812 423 876; baseline -0.007 -1"><span class='ocrx_word' id='word_1_15' title='bbox 277 812 423 876; x_wconf 79' lang='lat' dir='ltr'>mutus?</span> 
     </span>
     <span class='ocr_line' id='line_1_4' title="bbox 390 932 1345 1017; baseline -0.005 -17"><span class='ocrx_word' id='word_1_16' title='bbox 390 935 496 1000; x_wconf 78' lang='lat' dir='ltr'>Malo</span> <span class='ocrx_word' id='word_1_17' title='bbox 521 935 681 1017; x_wconf 89' lang='lat' dir='ltr'>quidem</span> <span class='ocrx_word' id='word_1_18' title='bbox 703 953 762 998; x_wconf 90' lang='lat' dir='ltr'>me</span> <span class='ocrx_word' id='word_1_19' title='bbox 787 933 933 1015; x_wconf 82' lang='lat' dir='ltr'>quovis</span> <span class='ocrx_word' id='word_1_20' title='bbox 956 932 1123 1015; x_wconf 90' lang='lat' dir='ltr'>dignum</span> <span class='ocrx_word' id='word_1_21' title='bbox 1145 932 1345 1016; x_wconf 72' lang='lat' dir='ltr'>deputem,</span> 
     </span>
    </p>
   </div>
   <div class='ocr_carea' id='block_1_4' title="bbox 277 1075 1506 1481">
    <p class='ocr_par' dir='ltr' id='par_1_4' title="bbox 277 1075 1506 1481">
     <span class='ocr_line' id='line_1_5' title="bbox 278 1075 1504 1161; baseline -0.002 -18"><span class='ocrx_word' id='word_1_22' title='bbox 278 1079 364 1144; x_wconf 90' lang='lat' dir='ltr'>Malo</span> <span class='ocrx_word' id='word_1_23' title='bbox 394 1097 427 1143; x_wconf 90' lang='lat' dir='ltr'>se</span> <span class='ocrx_word' id='word_1_24' title='bbox 458 1079 590 1160; x_wconf 90' lang='lat' dir='ltr'>dignum</span> <span class='ocrx_word' id='word_1_25' title='bbox 614 1077 762 1161; x_wconf 87' lang='lat' dir='ltr'>deputat,</span> <span class='ocrx_word' id='word_1_26' title='bbox 795 1077 857 1140; x_wconf 89' lang='lat' dir='ltr'>nisi</span> <span class='ocrx_word' id='word_1_27' title='bbox 886 1076 985 1141; x_wconf 91' lang='lat' dir='ltr'>miser</span> <span class='ocrx_word' id='word_1_28' title='bbox 1014 1077 1065 1140; x_wconf 91' lang='lat' dir='ltr'>sit.</span> <span class='ocrx_word' id='word_1_29' title='bbox 1115 1075 1214 1140; x_wconf 84' lang='lat' dir='ltr'>Vides</span> <span class='ocrx_word' id='word_1_30' title='bbox 1245 1094 1320 1159; x_wconf 90' lang='lat' dir='ltr'>ergo</span> <span class='ocrx_word' id='word_1_31' title='bbox 1350 1076 1504 1159; x_wconf 80' lang='lat' dir='ltr'>opinionis</span> 
     </span>
     <span class='ocr_line' id='line_1_6' title="bbox 279 1183 1505 1266; baseline -0.003 -16"><span class='ocrx_word' id='word_1_32' title='bbox 279 1205 364 1263; x_wconf 90' lang='lat' dir='ltr'>esse,</span> <span class='ocrx_word' id='word_1_33' title='bbox 386 1204 451 1250; x_wconf 92' lang='lat' dir='ltr'>non</span> <span class='ocrx_word' id='word_1_34' title='bbox 472 1187 606 1248; x_wconf 89' lang='lat' dir='ltr'>naturae</span> <span class='ocrx_word' id='word_1_35' title='bbox 629 1185 761 1248; x_wconf 88' lang='lat' dir='ltr'>malum.</span> <span class='ocrx_word' id='word_1_36' title='bbox 807 1183 906 1262; x_wconf 80' lang='lat' dir='ltr'>Quid,</span> <span class='ocrx_word' id='word_1_37' title='bbox 935 1201 1014 1265; x_wconf 92' lang='lat' dir='ltr'>quos</span> <span class='ocrx_word' id='word_1_38' title='bbox 1037 1201 1088 1247; x_wconf 92' lang='lat' dir='ltr'>res</span> <span class='ocrx_word' id='word_1_39' title='bbox 1111 1183 1181 1266; x_wconf 90' lang='lat' dir='ltr'>ipsa</span> <span class='ocrx_word' id='word_1_40' title='bbox 1203 1184 1312 1264; x_wconf 88' lang='lat' dir='ltr'>lugere</span> <span class='ocrx_word' id='word_1_41' title='bbox 1335 1183 1505 1266; x_wconf 79' lang='lat' dir='ltr'>prohibet?</span> 
     </span>
     <span class='ocr_line' id='line_1_7' title="bbox 278 1290 1506 1376; baseline -0.002 -19"><span class='ocrx_word' id='word_1_42' title='bbox 278 1295 317 1357; x_wconf 92' lang='lat' dir='ltr'>ut</span> <span class='ocrx_word' id='word_1_43' title='bbox 346 1292 430 1376; x_wconf 89' lang='lat' dir='ltr'>apud</span> <span class='ocrx_word' id='word_1_44' title='bbox 452 1291 628 1356; x_wconf 90' lang='lat' dir='ltr'>Homerum</span> <span class='ocrx_word' id='word_1_45' title='bbox 652 1291 826 1356; x_wconf 87' lang='lat' dir='ltr'>cotidianae</span> <span class='ocrx_word' id='word_1_46' title='bbox 856 1309 951 1355; x_wconf 88' lang='lat' dir='ltr'>neces</span> <span class='ocrx_word' id='word_1_47' title='bbox 974 1290 1186 1371; x_wconf 90' lang='lat' dir='ltr'>interitusque</span> <span class='ocrx_word' id='word_1_48' title='bbox 1214 1290 1392 1354; x_wconf 91' lang='lat' dir='ltr'>multorum</span> <span class='ocrx_word' id='word_1_49' title='bbox 1415 1290 1506 1355; x_wconf 85' lang='lat' dir='ltr'>seda-</span> 
     </span>
     <span class='ocr_line' id='line_1_8' title="bbox 277 1397 1224 1481; baseline -0.005 -17"><span class='ocrx_word' id='word_1_50' title='bbox 277 1400 398 1464; x_wconf 90' lang='lat' dir='ltr'>tionem</span> <span class='ocrx_word' id='word_1_51' title='bbox 420 1398 585 1463; x_wconf 90' lang='lat' dir='ltr'>maerendi</span> <span class='ocrx_word' id='word_1_52' title='bbox 607 1397 764 1475; x_wconf 86' lang='lat' dir='ltr'>adferunt,</span> <span class='ocrx_word' id='word_1_53' title='bbox 788 1397 874 1481; x_wconf 92' lang='lat' dir='ltr'>apud</span> <span class='ocrx_word' id='word_1_54' title='bbox 898 1415 996 1479; x_wconf 88' lang='lat' dir='ltr'>quem</span> <span class='ocrx_word' id='word_1_55' title='bbox 1018 1397 1065 1460; x_wconf 91' lang='lat' dir='ltr'>ita</span> <span class='ocrx_word' id='word_1_56' title='bbox 1088 1397 1224 1460; x_wconf 91' lang='lat' dir='ltr'>dicitur:</span> 
     </span>
    </p>
   </div>
   <div class='ocr_carea' id='block_1_5' title="bbox 389 1529 1506 1917">
    <p class='ocr_par' dir='ltr' id='par_1_5' title="bbox 389 1529 1506 1917">
     <span class='ocr_line' id='line_1_9' title="bbox 389 1529 1506 1614; baseline -0.002 -18"><span class='ocrx_word' id='word_1_57' title='bbox 389 1532 570 1614; x_wconf 84' lang='lat' dir='ltr'>Namque</span> <span class='ocrx_word' id='word_1_58' title='bbox 600 1531 722 1596; x_wconf 90' lang='lat' dir='ltr'>nimis</span> <span class='ocrx_word' id='word_1_59' title='bbox 745 1532 897 1596; x_wconf 91' lang='lat' dir='ltr'>multos</span> <span class='ocrx_word' id='word_1_60' title='bbox 922 1532 1047 1613; x_wconf 89' lang='lat' dir='ltr'>atque</span> <span class='ocrx_word' id='word_1_61' title='bbox 1071 1530 1177 1594; x_wconf 91' lang='lat' dir='ltr'>omni</span> <span class='ocrx_word' id='word_1_62' title='bbox 1199 1529 1291 1594; x_wconf 90' lang='lat' dir='ltr'>luce</span> <span class='ocrx_word' id='word_1_63' title='bbox 1315 1529 1506 1594; x_wconf 87' lang='lat' dir='ltr'>cadentis</span> 
     </span>
     <span class='ocr_line' id='line_1_10' title="bbox 391 1637 1366 1721; baseline -0.003 -18"><span class='ocrx_word' id='word_1_64' title='bbox 391 1637 619 1715; x_wconf 81' lang='lat' dir='ltr'>Cernimus,</span> <span class='ocrx_word' id='word_1_65' title='bbox 641 1640 686 1702; x_wconf 91' lang='lat' dir='ltr'>ut</span> <span class='ocrx_word' id='word_1_66' title='bbox 708 1656 821 1702; x_wconf 90' lang='lat' dir='ltr'>nemo</span> <span class='ocrx_word' id='word_1_67' title='bbox 843 1638 979 1721; x_wconf 86' lang='lat' dir='ltr'>possit</span> <span class='ocrx_word' id='word_1_68' title='bbox 1001 1655 1184 1702; x_wconf 88' lang='lat' dir='ltr'>maerore</span> <span class='ocrx_word' id='word_1_69' title='bbox 1208 1655 1366 1702; x_wconf 83' lang='lat' dir='ltr'>vacare.</span> 
     </span>
     <span class='ocr_line' id='line_1_11' title="bbox 392 1744 1505 1828; baseline -0.002 -20"><span class='ocrx_word' id='word_1_70' title='bbox 392 1744 615 1825; x_wconf 79' lang='lat' dir='ltr'>Quomagis</span> <span class='ocrx_word' id='word_1_71' title='bbox 631 1745 1064 1826; x_wconf 89' lang='lat' dir='ltr'>ostaequumtumnlis</span> <span class='ocrx_word' id='word_1_72' title='bbox 1080 1744 1270 1809; x_wconf 86' lang='lat' dir='ltr'>mandare</span> <span class='ocrx_word' id='word_1_73' title='bbox 1285 1746 1505 1828; x_wconf 89' lang='lat' dir='ltr'>peremptos</span> 
     </span>
     <span class='ocr_line' id='line_1_12' title="bbox 390 1850 1468 1917; baseline 0 -2"><span class='ocrx_word' id='word_1_74' title='bbox 390 1852 523 1915; x_wconf 82' lang='lat' dir='ltr'>Firmo</span> <span class='ocrx_word' id='word_1_75' title='bbox 547 1850 677 1915; x_wconf 91' lang='lat' dir='ltr'>animo</span> <span class='ocrx_word' id='word_1_76' title='bbox 701 1853 741 1915; x_wconf 90' lang='lat' dir='ltr'>et</span> <span class='ocrx_word' id='word_1_77' title='bbox 762 1851 918 1914; x_wconf 90' lang='lat' dir='ltr'>luctum</span> <span class='ocrx_word' id='word_1_78' title='bbox 940 1851 1127 1915; x_wconf 90' lang='lat' dir='ltr'>lacrimis</span> <span class='ocrx_word' id='word_1_79' title='bbox 1150 1851 1274 1917; x_wconf 85' lang='lat' dir='ltr'>finire</span> <span class='ocrx_word' id='word_1_80' title='bbox 1297 1851 1468 1917; x_wconf 92' lang='lat' dir='ltr'>diurnis.</span> 
     </span>
    </p>
   </div>
   <div class='ocr_carea' id='block_1_6' title="bbox 278 2002 1538 2620">
    <p class='ocr_par' dir='ltr' id='par_1_6' title="bbox 278 2002 1538 2620">
     <span class='ocr_line' id='line_1_13' title="bbox 279 2002 1538 2086; baseline 0.003 -20"><span class='ocrx_word' id='word_1_81' title='bbox 279 2003 363 2085; x_wconf 83' lang='lat' dir='ltr'>Ergo</span> <span class='ocrx_word' id='word_1_82' title='bbox 386 2003 419 2066; x_wconf 94' lang='lat' dir='ltr'>in</span> <span class='ocrx_word' id='word_1_83' title='bbox 441 2004 599 2086; x_wconf 76' lang='lat' dir='ltr'>potestate</span> <span class='ocrx_word' id='word_1_84' title='bbox 623 2004 673 2067; x_wconf 89' lang='lat' dir='ltr'>est</span> <span class='ocrx_word' id='word_1_85' title='bbox 696 2003 819 2067; x_wconf 87' lang='lat' dir='ltr'>abicere</span> <span class='ocrx_word' id='word_1_86' title='bbox 835 2002 984 2079; x_wconf 90' lang='lat' dir='ltr'>dolorem,</span> <span class='ocrx_word' id='word_1_87' title='bbox 1008 2021 1081 2066; x_wconf 90' lang='lat' dir='ltr'>cum</span> <span class='ocrx_word' id='word_1_88' title='bbox 1104 2003 1191 2080; x_wconf 85' lang='lat' dir='ltr'>velis,</span> <span class='ocrx_word' id='word_1_89' title='bbox 1214 2004 1351 2086; x_wconf 86' lang='lat' dir='ltr'>tempori</span> <span class='ocrx_word' id='word_1_90' title='bbox 1367 2003 1538 2072; x_wconf 81' lang='lat' dir='ltr'>serviem-u</span> 
     </span>
     <span class='ocr_line' id='line_1_14' title="bbox 278 2108 1505 2193; baseline -0.002 -19"><span class='ocrx_word' id='word_1_91' title='bbox 278 2112 354 2174; x_wconf 90' lang='lat' dir='ltr'>tem.</span> <span class='ocrx_word' id='word_1_92' title='bbox 399 2113 450 2175; x_wconf 83' lang='lat' dir='ltr'>An</span> <span class='ocrx_word' id='word_1_93' title='bbox 480 2112 530 2174; x_wconf 92' lang='lat' dir='ltr'>est</span> <span class='ocrx_word' id='word_1_94' title='bbox 558 2110 662 2173; x_wconf 90' lang='lat' dir='ltr'>ullum</span> <span class='ocrx_word' id='word_1_95' title='bbox 684 2111 827 2193; x_wconf 90' lang='lat' dir='ltr'>tempus,</span> <span class='ocrx_word' id='word_1_96' title='bbox 859 2109 1010 2191; x_wconf 90' lang='lat' dir='ltr'>qnoniam</span> <span class='ocrx_word' id='word_1_97' title='bbox 1034 2108 1164 2190; x_wconf 90' lang='lat' dir='ltr'>quidem</span> <span class='ocrx_word' id='word_1_98' title='bbox 1186 2127 1237 2173; x_wconf 93' lang='lat' dir='ltr'>res</span> <span class='ocrx_word' id='word_1_99' title='bbox 1260 2110 1294 2173; x_wconf 92' lang='lat' dir='ltr'>in</span> <span class='ocrx_word' id='word_1_100' title='bbox 1316 2110 1427 2173; x_wconf 88' lang='lat' dir='ltr'>nostra</span> <span class='ocrx_word' id='word_1_101' title='bbox 1449 2128 1505 2192; x_wconf 93' lang='lat' dir='ltr'>po-</span> 
     </span>
     <span class='ocr_line' id='line_1_15' title="bbox 278 2215 1504 2300; baseline -0.002 -19"><span class='ocrx_word' id='word_1_102' title='bbox 278 2218 397 2281; x_wconf 82' lang='lat' dir='ltr'>testate</span> <span class='ocrx_word' id='word_1_103' title='bbox 413 2220 471 2294; x_wconf 74' lang='lat' dir='ltr'>est,</span> <span class='ocrx_word' id='word_1_104' title='bbox 487 2217 538 2281; x_wconf 90' lang='lat' dir='ltr'>cui</span> <span class='ocrx_word' id='word_1_105' title='bbox 552 2235 616 2281; x_wconf 93' lang='lat' dir='ltr'>non</span> <span class='ocrx_word' id='word_1_106' title='bbox 630 2216 793 2300; x_wconf 87' lang='lat' dir='ltr'>ponendae</span> <span class='ocrx_word' id='word_1_107' title='bbox 810 2235 904 2281; x_wconf 89' lang='lat' dir='ltr'>curae</span> <span class='ocrx_word' id='word_1_108' title='bbox 921 2220 952 2279; x_wconf 82' lang='lat' dir='ltr'>et</span> <span class='ocrx_word' id='word_1_109' title='bbox 966 2215 1176 2298; x_wconf 78' lang='lat' dir='ltr'>aegritudinis</span> <span class='ocrx_word' id='word_1_110' title='bbox 1192 2234 1289 2281; x_wconf 87' lang='lat' dir='ltr'>causa</span> <span class='ocrx_word' id='word_1_111' title='bbox 1305 2215 1504 2280; x_wconf 87' lang='lat' dir='ltr'>serviamus?</span> 
     </span>
     <span class='ocr_line' id='line_1_16' title="bbox 279 2321 1505 2406; baseline -0.002 -17"><span class='ocrx_word' id='word_1_112' title='bbox 279 2322 454 2389; x_wconf 79' lang='lat' dir='ltr'>Constabat</span> <span class='ocrx_word' id='word_1_113' title='bbox 469 2343 531 2401; x_wconf 86' lang='lat' dir='ltr'>cos,</span> <span class='ocrx_word' id='word_1_114' title='bbox 555 2324 610 2406; x_wconf 89' lang='lat' dir='ltr'>qui</span> <span class='ocrx_word' id='word_1_115' title='bbox 630 2323 847 2389; x_wconf 78' lang='lat' dir='ltr'>considentem</span> <span class='ocrx_word' id='word_1_116' title='bbox 862 2323 1047 2388; x_wconf 83' lang='lat' dir='ltr'>vulneribus</span> <span class='ocrx_word' id='word_1_117' title='bbox 1064 2321 1119 2389; x_wconf 84' lang='lat' dir='ltr'>On.</span> <span class='ocrx_word' id='word_1_118' title='bbox 1136 2321 1324 2406; x_wconf 90' lang='lat' dir='ltr'>Pompeium</span> <span class='ocrx_word' id='word_1_119' title='bbox 1340 2322 1505 2400; x_wconf 87' lang='lat' dir='ltr'>vidissent,</span> 
     </span>
     <span class='ocr_line' id='line_1_17' title="bbox 279 2429 1504 2515; baseline 0 -21"><span class='ocrx_word' id='word_1_120' title='bbox 279 2449 354 2495; x_wconf 90' lang='lat' dir='ltr'>cum</span> <span class='ocrx_word' id='word_1_121' title='bbox 375 2431 409 2494; x_wconf 92' lang='lat' dir='ltr'>in</span> <span class='ocrx_word' id='word_1_122' title='bbox 430 2431 485 2494; x_wconf 88' lang='lat' dir='ltr'>illo</span> <span class='ocrx_word' id='word_1_123' title='bbox 500 2432 568 2515; x_wconf 90' lang='lat' dir='ltr'>ipso</span> <span class='ocrx_word' id='word_1_124' title='bbox 584 2431 786 2496; x_wconf 90' lang='lat' dir='ltr'>acerbissimo</span> <span class='ocrx_word' id='word_1_125' title='bbox 808 2431 1052 2512; x_wconf 89' lang='lat' dir='ltr'>miserrimoque</span> <span class='ocrx_word' id='word_1_126' title='bbox 1068 2430 1249 2514; x_wconf 90' lang='lat' dir='ltr'>spectaculo</span> <span class='ocrx_word' id='word_1_127' title='bbox 1266 2429 1328 2495; x_wconf 89' lang='lat' dir='ltr'>sibi</span> <span class='ocrx_word' id='word_1_128' title='bbox 1343 2430 1504 2509; x_wconf 87' lang='lat' dir='ltr'>timerent,</span> 
     </span>
     <span class='ocr_line' id='line_1_18' title="bbox 279 2536 1504 2620; baseline -0.002 -18"><span class='ocrx_word' id='word_1_129' title='bbox 279 2537 363 2619; x_wconf 90' lang='lat' dir='ltr'>quod</span> <span class='ocrx_word' id='word_1_130' title='bbox 380 2555 414 2602; x_wconf 88' lang='lat' dir='ltr'>se</span> <span class='ocrx_word' id='word_1_131' title='bbox 429 2539 530 2602; x_wconf 87' lang='lat' dir='ltr'>classe</span> <span class='ocrx_word' id='word_1_132' title='bbox 545 2538 687 2602; x_wconf 91' lang='lat' dir='ltr'>hostium</span> <span class='ocrx_word' id='word_1_133' title='bbox 702 2537 911 2602; x_wconf 83' lang='lat' dir='ltr'>circumfusos</span> <span class='ocrx_word' id='word_1_134' title='bbox 926 2537 1081 2615; x_wconf 81' lang='lat' dir='ltr'>viderant,</span> <span class='ocrx_word' id='word_1_135' title='bbox 1104 2536 1185 2601; x_wconf 91' lang='lat' dir='ltr'>nihii</span> <span class='ocrx_word' id='word_1_136' title='bbox 1200 2537 1287 2601; x_wconf 90' lang='lat' dir='ltr'>aliud</span> <span class='ocrx_word' id='word_1_137' title='bbox 1303 2538 1376 2601; x_wconf 91' lang='lat' dir='ltr'>tum</span> <span class='ocrx_word' id='word_1_138' title='bbox 1392 2537 1504 2620; x_wconf 84' lang='lat' dir='ltr'>egisse,</span> 
     </span>
    </p>
   </div>
   <div class='ocr_carea' id='block_1_7' title="bbox 278 2644 1504 2729">
    <p class='ocr_par' dir='ltr' id='par_1_7' title="bbox 278 2644 1504 2729">
     <span class='ocr_line' id='line_1_19' title="bbox 278 2644 1504 2729; baseline 0.001 -21"><span class='ocrx_word' id='word_1_139' title='bbox 278 2645 341 2709; x_wconf 89' lang='lat' dir='ltr'>nisi</span> <span class='ocrx_word' id='word_1_140' title='bbox 369 2648 407 2709; x_wconf 92' lang='lat' dir='ltr'>ut</span> <span class='ocrx_word' id='word_1_141' title='bbox 435 2646 571 2727; x_wconf 87' lang='lat' dir='ltr'>remiges</span> <span class='ocrx_word' id='word_1_142' title='bbox 601 2645 806 2709; x_wconf 88' lang='lat' dir='ltr'>hortarentur</span> <span class='ocrx_word' id='word_1_143' title='bbox 835 2648 869 2709; x_wconf 91' lang='lat' dir='ltr'>ct</span> <span class='ocrx_word' id='word_1_144' title='bbox 897 2648 935 2709; x_wconf 91' lang='lat' dir='ltr'>ut</span> <span class='ocrx_word' id='word_1_145' title='bbox 967 2646 1105 2709; x_wconf 89' lang='lat' dir='ltr'>salutem</span> <span class='ocrx_word' id='word_1_146' title='bbox 1134 2644 1386 2729; x_wconf 79' lang='lat' dir='ltr'>adipiscerentur</span> <span class='ocrx_word' id='word_1_147' title='bbox 1409 2644 1504 2727; x_wconf 77' lang='lat' dir='ltr'>iuga3</span> 
     </span>
    </p>
   </div>
   <div class='ocr_carea' id='block_1_8' title="bbox 273 2864 1506 4713">
    <p class='ocr_par' dir='ltr' id='par_1_8' title="bbox 276 2864 1506 3389">
     <span class='ocr_line' id='line_1_20' title="bbox 277 2864 1505 2944; baseline 0 -16"><span class='ocrx_word' id='word_1_148' title='bbox 277 2875 345 2929; x_wconf 86' lang='lat' dir='ltr'>iiber</span> <span class='ocrx_word' id='word_1_149' title='bbox 369 2890 398 2929; x_wconf 87' lang='lat' dir='ltr'>so</span> <span class='ocrx_word' id='word_1_150' title='bbox 420 2874 498 2944; x_wconf 88' lang='lat' dir='ltr'>lange</span> <span class='ocrx_word' id='word_1_151' title='bbox 522 2874 565 2928; x_wconf 89' lang='lat' dir='ltr'>ein</span> <span class='ocrx_word' id='word_1_152' title='bbox 587 2874 742 2943; x_wconf 89' lang='lat' dir='ltr'>gcringerer</span> <span class='ocrx_word' id='word_1_153' title='bbox 759 2864 899 2929; x_wconf 78' lang='lat' dir='ltr'>bbeltater</span> <span class='ocrx_word' id='word_1_154' title='bbox 917 2874 978 2943; x_wconf 86' lang='lat' dir='ltr'>bin,</span> <span class='ocrx_word' id='word_1_155' title='bbox 1003 2873 1042 2929; x_wconf 83' lang='lat' dir='ltr'>als</span> <span class='ocrx_word' id='word_1_156' title='bbox 1060 2874 1104 2929; x_wconf 93' lang='lat' dir='ltr'>ich</span> <span class='ocrx_word' id='word_1_157' title='bbox 1127 2874 1199 2929; x_wconf 88' lang='lat' dir='ltr'>mich</span> <span class='ocrx_word' id='word_1_158' title='bbox 1220 2873 1393 2944; x_wconf 84' lang='lat' dir='ltr'>ungliicklich</span> <span class='ocrx_word' id='word_1_159' title='bbox 1410 2874 1505 2929; x_wconf 87' lang='lat' dir='ltr'>mache</span> 
     </span>
     <span class='ocr_line' id='line_1_21' title="bbox 277 2957 1505 3033; baseline 0 -16"><span class='ocrx_word' id='word_1_160' title='bbox 277 2964 360 3033; x_wconf 89' lang='lat' dir='ltr'>(mich</span> <span class='ocrx_word' id='word_1_161' title='bbox 377 2964 494 3032; x_wconf 72' lang='lat' dir='ltr'>hdrme);</span> <span class='ocrx_word' id='word_1_162' title='bbox 518 2957 603 3017; x_wconf 91' lang='lat' dir='ltr'>durch</span> <span class='ocrx_word' id='word_1_163' title='bbox 621 2963 695 3017; x_wconf 88' lang='lat' dir='ltr'>Reue</span> <span class='ocrx_word' id='word_1_164' title='bbox 715 2963 790 3017; x_wconf 79' lang='lat' dir='ltr'>hoife</span> <span class='ocrx_word' id='word_1_165' title='bbox 808 2964 853 3017; x_wconf 92' lang='lat' dir='ltr'>ich</span> <span class='ocrx_word' id='word_1_166' title='bbox 871 2964 918 3018; x_wconf 89' lang='lat' dir='ltr'>das</span> <span class='ocrx_word' id='word_1_167' title='bbox 937 2964 1059 3019; x_wconf 87' lang='lat' dir='ltr'>Unrecht</span> <span class='ocrx_word' id='word_1_168' title='bbox 1077 2981 1111 3018; x_wconf 86' lang='lat' dir='ltr'>zu</span> <span class='ocrx_word' id='word_1_169' title='bbox 1129 2964 1311 3033; x_wconf 77' lang='lat' dir='ltr'>vercingern.“</span> <span class='ocrx_word' id='word_1_170' title='bbox 1348 2962 1399 3018; x_wconf 91' lang='lat' dir='ltr'>Die</span> <span class='ocrx_word' id='word_1_171' title='bbox 1422 2963 1505 3018; x_wconf 80' lang='lat' dir='ltr'>nahe-</span> 
     </span>
     <span class='ocr_line' id='line_1_22' title="bbox 276 3052 1506 3122; baseline 0 -17"><span class='ocrx_word' id='word_1_172' title='bbox 276 3053 399 3122; x_wconf 89' lang='lat' dir='ltr'>liegende</span> <span class='ocrx_word' id='word_1_173' title='bbox 422 3052 505 3106; x_wconf 86' lang='lat' dir='ltr'>finale</span> <span class='ocrx_word' id='word_1_174' title='bbox 524 3054 690 3121; x_wconf 74' lang='lat' dir='ltr'>Antiassung</span> <span class='ocrx_word' id='word_1_175' title='bbox 713 3052 787 3122; x_wconf 86' lang='lat' dir='ltr'>(„bis</span> <span class='ocrx_word' id='word_1_176' title='bbox 810 3052 888 3121; x_wconf 83' lang='lat' dir='ltr'>ich“)</span> <span class='ocrx_word' id='word_1_177' title='bbox 913 3052 976 3107; x_wconf 76' lang='lat' dir='ltr'>last</span> <span class='ocrx_word' id='word_1_178' title='bbox 998 3054 1050 3107; x_wconf 89' lang='lat' dir='ltr'>den</span> <span class='ocrx_word' id='word_1_179' title='bbox 1069 3053 1213 3107; x_wconf 84' lang='lat' dir='ltr'>Gedanhen</span> <span class='ocrx_word' id='word_1_180' title='bbox 1235 3053 1273 3106; x_wconf 92' lang='lat' dir='ltr'>im</span> <span class='ocrx_word' id='word_1_181' title='bbox 1294 3052 1439 3122; x_wconf 79' lang='lat' dir='ltr'>folgenden</span> <span class='ocrx_word' id='word_1_182' title='bbox 1461 3052 1506 3106; x_wconf 87' lang='lat' dir='ltr'>bei</span> 
     </span>
     <span class='ocr_line' id='line_1_23' title="bbox 277 3140 1505 3210; baseline -0.002 -13"><span class='ocrx_word' id='word_1_183' title='bbox 277 3141 369 3197; x_wconf 76' lang='lat' dir='ltr'>Cicero</span> <span class='ocrx_word' id='word_1_184' title='bbox 387 3157 417 3196; x_wconf 88' lang='lat' dir='ltr'>so</span> <span class='ocrx_word' id='word_1_185' title='bbox 436 3140 605 3196; x_wconf 87' lang='lat' dir='ltr'>erscheinen:</span> <span class='ocrx_word' id='word_1_186' title='bbox 632 3141 707 3209; x_wconf 87' lang='lat' dir='ltr'>„hic</span> <span class='ocrx_word' id='word_1_187' title='bbox 724 3141 890 3208; x_wconf 86' lang='lat' dir='ltr'>decernit,</span> <span class='ocrx_word' id='word_1_188' title='bbox 908 3144 944 3194; x_wconf 86' lang='lat' dir='ltr'>ut</span> <span class='ocrx_word' id='word_1_189' title='bbox 962 3141 1061 3195; x_wconf 89' lang='lat' dir='ltr'>miser</span> <span class='ocrx_word' id='word_1_190' title='bbox 1079 3141 1143 3195; x_wconf 85' lang='lat' dir='ltr'>sit“</span> <span class='ocrx_word' id='word_1_191' title='bbox 1161 3142 1217 3195; x_wconf 89' lang='lat' dir='ltr'>und</span> <span class='ocrx_word' id='word_1_192' title='bbox 1236 3140 1329 3209; x_wconf 88' lang='lat' dir='ltr'>„malo</span> <span class='ocrx_word' id='word_1_193' title='bbox 1347 3156 1376 3195; x_wconf 88' lang='lat' dir='ltr'>se</span> <span class='ocrx_word' id='word_1_194' title='bbox 1395 3140 1505 3210; x_wconf 90' lang='lat' dir='ltr'>dignum</span> 
     </span>
     <span class='ocr_line' id='line_1_24' title="bbox 277 3228 1506 3299; baseline 0 -16"><span class='ocrx_word' id='word_1_195' title='bbox 277 3231 399 3298; x_wconf 88' lang='lat' dir='ltr'>deputat,</span> <span class='ocrx_word' id='word_1_196' title='bbox 422 3229 488 3284; x_wconf 90' lang='lat' dir='ltr'>nisi</span> <span class='ocrx_word' id='word_1_197' title='bbox 506 3230 606 3283; x_wconf 89' lang='lat' dir='ltr'>miser</span> <span class='ocrx_word' id='word_1_198' title='bbox 623 3230 698 3283; x_wconf 82' lang='lat' dir='ltr'>sit“.</span> <span class='ocrx_word' id='word_1_199' title='bbox 723 3261 757 3270; x_wconf 98' lang='lat'>-</span> <span class='ocrx_word' id='word_1_200' title='bbox 781 3230 849 3299; x_wconf 85' lang='lat' dir='ltr'>mco]</span> <span class='ocrx_word' id='word_1_201' title='bbox 869 3228 992 3298; x_wconf 86' lang='lat' dir='ltr'>einsilbig</span> <span class='ocrx_word' id='word_1_202' title='bbox 1010 3247 1044 3283; x_wconf 88' lang='lat' dir='ltr'>zu</span> <span class='ocrx_word' id='word_1_203' title='bbox 1062 3229 1144 3284; x_wconf 85' lang='lat' dir='ltr'>lesen.</span> <span class='ocrx_word' id='word_1_204' title='bbox 1169 3262 1204 3270; x_wconf 96' lang='lat'><em>-</em></span> <span class='ocrx_word' id='word_1_205' title='bbox 1228 3231 1345 3299; x_wconf 74' lang='lat' dir='ltr'>deputat]</span> <span class='ocrx_word' id='word_1_206' title='bbox 1364 3231 1411 3283; x_wconf 81' lang='lat' dir='ltr'>fiir</span> <span class='ocrx_word' id='word_1_207' title='bbox 1424 3234 1506 3299; x_wconf 77' lang='lat' dir='ltr'>putot</span> 
     </span>
     <span class='ocr_line' id='line_1_25' title="bbox 276 3318 1185 3389; baseline -0.001 -15"><span class='ocrx_word' id='word_1_208' title='bbox 276 3321 315 3374; x_wconf 94' lang='lat' dir='ltr'>im</span> <span class='ocrx_word' id='word_1_209' title='bbox 333 3319 478 3374; x_wconf 79' lang='lat' dir='ltr'>Anschiuis</span> <span class='ocrx_word' id='word_1_210' title='bbox 497 3335 530 3373; x_wconf 86' lang='lat' dir='ltr'>an</span> <span class='ocrx_word' id='word_1_211' title='bbox 548 3320 677 3388; x_wconf 72' lang='lat' dir='ltr'>deputem</span> <span class='ocrx_word' id='word_1_212' title='bbox 697 3351 731 3359; x_wconf 96' lang='lat'><strong>—</strong></span> <span class='ocrx_word' id='word_1_213' title='bbox 750 3319 910 3388; x_wconf 80' lang='lat' dir='ltr'>Homerum]</span> <span class='ocrx_word' id='word_1_214' title='bbox 930 3318 962 3373; x_wconf 91' lang='grc' dir='ltr'>Π.</span> <span class='ocrx_word' id='word_1_215' title='bbox 980 3318 1059 3389; x_wconf 88' lang='grc' dir='ltr'>ΧΙΧ,</span> <span class='ocrx_word' id='word_1_216' title='bbox 1078 3319 1185 3375; x_wconf 71' lang='lat' dir='ltr'>asem:</span> 
     </span>
    </p>

    <p class='ocr_par' dir='ltr' id='par_1_9' title="bbox 419 3407 1378 3484">
     <span class='ocr_line' id='line_1_26' title="bbox 419 3407 1378 3484; baseline 0.003 -22"><span class='ocrx_word' id='word_1_217' title='bbox 419 3412 481 3476; x_wconf 67' lang='grc' dir='ltr'>λίην</span> <span class='ocrx_word' id='word_1_218' title='bbox 497 3412 552 3480; x_wconf 77' lang='grc' dir='ltr'>γὰρ</span> <span class='ocrx_word' id='word_1_219' title='bbox 570 3413 668 3464; x_wconf 77' lang='grc' dir='ltr'><em>πολλοὶ</em></span> <span class='ocrx_word' id='word_1_220' title='bbox 685 3415 732 3463; x_wconf 81' lang='grc' dir='ltr'>καὶ</span> <span class='ocrx_word' id='word_1_221' title='bbox 750 3411 898 3481; x_wconf 73' lang='grc' dir='ltr'>ἐπήτριμοι</span> <span class='ocrx_word' id='word_1_222' title='bbox 916 3407 998 3477; x_wconf 84' lang='lat' dir='ltr'>(dicht</span> <span class='ocrx_word' id='word_1_223' title='bbox 1015 3409 1153 3478; x_wconf 74' lang='lat' dir='ltr'>gcdr&#39;dngt)</span> <span class='ocrx_word' id='word_1_224' title='bbox 1172 3414 1265 3484; x_wconf 69' lang='lat' dir='ltr'>dipsacos</span> <span class='ocrx_word' id='word_1_225' title='bbox 1283 3413 1378 3465; x_wconf 73' lang='lat' dir='ltr'>noina</span> 
     </span>
    </p>

    <p class='ocr_par' dir='ltr' id='par_1_10' title="bbox 421 3500 1131 3564">
     <span class='ocr_line' id='line_1_27' title="bbox 421 3500 1131 3564; baseline 0.003 -13"><span class='ocrx_word' id='word_1_226' title='bbox 421 3503 588 3552; x_wconf 78' lang='grc' dir='ltr'>πίπτουσιν·</span> <span class='ocrx_word' id='word_1_227' title='bbox 607 3500 675 3552; x_wconf 80' lang='grc' dir='ltr'>πότε</span> <span class='ocrx_word' id='word_1_228' title='bbox 692 3502 739 3552; x_wconf 78' lang='grc' dir='ltr'>κέν</span> <span class='ocrx_word' id='word_1_229' title='bbox 756 3519 797 3560; x_wconf 81' lang='grc' dir='ltr'>τις</span> <span class='ocrx_word' id='word_1_230' title='bbox 815 3500 995 3554; x_wconf 79' lang='grc' dir='ltr'>ἀναπνεύσειε</span> <span class='ocrx_word' id='word_1_231' title='bbox 1014 3501 1131 3564; x_wconf 73' lang='lat' dir='ltr'>advoco,-</span> 
     </span>
    </p>

    <p class='ocr_par' dir='ltr' id='par_1_11' title="bbox 420 3588 1178 3661">
     <span class='ocr_line' id='line_1_28' title="bbox 420 3588 1178 3661; baseline 0.004 -22"><span class='ocrx_word' id='word_1_232' title='bbox 420 3588 489 3640; x_wconf 77' lang='grc' dir='ltr'>ἀλλὰ</span> <span class='ocrx_word' id='word_1_233' title='bbox 503 3588 559 3659; x_wconf 79' lang='grc' dir='ltr'>χρὴ</span> <span class='ocrx_word' id='word_1_234' title='bbox 577 3589 626 3640; x_wconf 82' lang='grc' dir='ltr'>τὸν</span> <span class='ocrx_word' id='word_1_235' title='bbox 642 3588 695 3656; x_wconf 79' lang='grc' dir='ltr'>μὲν</span> <span class='ocrx_word' id='word_1_236' title='bbox 712 3592 937 3661; x_wconf 71' lang='grc' dir='ltr'><strong><em>καταθαπτέμεν,</em></strong></span> <span class='ocrx_word' id='word_1_237' title='bbox 957 3588 987 3649; x_wconf 78' lang='grc' dir='ltr'>ὅς</span> <span class='ocrx_word' id='word_1_238' title='bbox 1003 3607 1033 3642; x_wconf 84' lang='grc' dir='ltr'>κε</span> <span class='ocrx_word' id='word_1_239' title='bbox 1050 3592 1178 3661; x_wconf 74' lang='grc' dir='ltr'>θάνῃσιν,</span> 
     </span>
    </p>

    <p class='ocr_par' dir='ltr' id='par_1_12' title="bbox 419 3672 1504 3751">
     <span class='ocr_line' id='line_1_29' title="bbox 419 3672 1504 3751; baseline 0.001 -22"><span class='ocrx_word' id='word_1_240' title='bbox 419 3680 501 3744; x_wconf 76' lang='grc' dir='ltr'><strong><em>νηλέα</em></strong></span> <span class='ocrx_word' id='word_1_241' title='bbox 518 3678 613 3748; x_wconf 74' lang='grc' dir='ltr'><strong><em>θυμὸν</em></strong></span> <span class='ocrx_word' id='word_1_242' title='bbox 630 3677 756 3747; x_wconf 81' lang='grc' dir='ltr'><strong><em>ἔχοντας,</em></strong></span> <span class='ocrx_word' id='word_1_243' title='bbox 775 3672 821 3731; x_wconf 71' lang='grc' dir='ltr'>ἐπ’</span> <span class='ocrx_word' id='word_1_244' title='bbox 837 3680 924 3749; x_wconf 77' lang='grc' dir='ltr'>ἤματι</span> <span class='ocrx_word' id='word_1_245' title='bbox 942 3677 1135 3751; x_wconf 77' lang='grc' dir='ltr'><strong><em>δακρύσαντας</em></strong></span> <span class='ocrx_word' id='word_1_246' title='bbox 1153 3677 1207 3745; x_wconf 79' lang='lat' dir='ltr'>(am</span> <span class='ocrx_word' id='word_1_247' title='bbox 1230 3674 1354 3745; x_wconf 81' lang='lat' dir='ltr'>gleichen</span> <span class='ocrx_word' id='word_1_248' title='bbox 1371 3675 1438 3745; x_wconf 72' lang='lat' dir='ltr'>Tag;</span> <span class='ocrx_word' id='word_1_249' title='bbox 1462 3676 1504 3730; x_wconf 81' lang='lat' dir='ltr'>la·</span> 
     </span>
    </p>

    <p class='ocr_par' dir='ltr' id='par_1_13' title="bbox 273 3763 1505 4713">
     <span class='ocr_line' id='line_1_30' title="bbox 596 3763 1411 3835; baseline 0.001 -18"><span class='ocrx_word' id='word_1_250' title='bbox 596 3763 695 3818; x_wconf 64' lang='lat' dir='ltr'>mimis</span> <span class='ocrx_word' id='word_1_251' title='bbox 712 3763 824 3818; x_wconf 79' lang='lat' dir='ltr'>diurnis</span> <span class='ocrx_word' id='word_1_252' title='bbox 843 3764 915 3834; x_wconf 90' lang='lat' dir='ltr'>„mit</span> <span class='ocrx_word' id='word_1_253' title='bbox 932 3765 985 3819; x_wconf 87' lang='lat' dir='ltr'>den</span> <span class='ocrx_word' id='word_1_254' title='bbox 1002 3765 1106 3820; x_wconf 73' lang='lat' dir='ltr'>Trinen</span> <span class='ocrx_word' id='word_1_255' title='bbox 1123 3780 1177 3819; x_wconf 84' lang='lat' dir='ltr'>von</span> <span class='ocrx_word' id='word_1_256' title='bbox 1195 3765 1248 3834; x_wconf 76' lang='lat' dir='ltr'>Tag</span> <span class='ocrx_word' id='word_1_257' title='bbox 1266 3782 1300 3818; x_wconf 86' lang='lat' dir='ltr'>zu</span> <span class='ocrx_word' id='word_1_258' title='bbox 1317 3765 1411 3835; x_wconf 75' lang='lat' dir='ltr'>Tag“).</span> 
     </span>
     <span class='ocr_line' id='line_1_31' title="bbox 275 3852 1351 3923; baseline 0 -16"><span class='ocrx_word' id='word_1_259' title='bbox 275 3853 392 3907; x_wconf 69' lang='lat' dir='ltr'>amulas</span> <span class='ocrx_word' id='word_1_260' title='bbox 408 3853 551 3923; x_wconf 76' lang='lat' dir='ltr'>mandore]</span> <span class='ocrx_word' id='word_1_261' title='bbox 571 3853 692 3922; x_wconf 89' lang='lat' dir='ltr'>„bergen</span> <span class='ocrx_word' id='word_1_262' title='bbox 710 3852 738 3906; x_wconf 92' lang='lat' dir='ltr'>in</span> <span class='ocrx_word' id='word_1_263' title='bbox 757 3856 830 3921; x_wconf 82' lang='lat'><strong>...“;</strong></span> <span class='ocrx_word' id='word_1_264' title='bbox 849 3853 902 3923; x_wconf 90' lang='lat' dir='ltr'>vgl.</span> <span class='ocrx_word' id='word_1_265' title='bbox 920 3854 1074 3922; x_wconf 63' lang='lat' dir='ltr'>mancam,</span> <span class='ocrx_word' id='word_1_266' title='bbox 1094 3854 1192 3908; x_wconf 65' lang='lat' dir='ltr'>litteras</span> <span class='ocrx_word' id='word_1_267' title='bbox 1209 3854 1351 3908; x_wconf 69' lang='lat' dir='ltr'>mucidare.</span> 
     </span>
     <span class='ocr_line' id='line_1_32' title="bbox 348 3942 1504 4012; baseline 0.001 -15"><span class='ocrx_word' id='word_1_268' title='bbox 348 3955 389 3997; x_wconf 82' lang='lat' dir='ltr'>cc.</span> <span class='ocrx_word' id='word_1_269' title='bbox 414 3942 463 3997; x_wconf 78' lang='lat' dir='ltr'>cui</span> <span class='ocrx_word' id='word_1_270' title='bbox 478 3959 536 3996; x_wconf 81' lang='lat' dir='ltr'>non</span> <span class='ocrx_word' id='word_1_271' title='bbox 614 3942 777 4012; x_wconf 65' lang='lat' dir='ltr'>seramus]</span> <span class='ocrx_word' id='word_1_272' title='bbox 803 3942 874 4011; x_wconf 92' lang='lat' dir='ltr'>„der</span> <span class='ocrx_word' id='word_1_273' title='bbox 890 3958 954 3997; x_wconf 89' lang='lat' dir='ltr'>man</span> <span class='ocrx_word' id='word_1_274' title='bbox 972 3942 1030 3997; x_wconf 91' lang='lat' dir='ltr'>sich</span> <span class='ocrx_word' id='word_1_275' title='bbox 1108 3942 1184 3997; x_wconf 90' lang='lat' dir='ltr'>nicht</span> <span class='ocrx_word' id='word_1_276' title='bbox 1202 3942 1387 4012; x_wconf 88' lang='lat' dir='ltr'>anbequemen</span> <span class='ocrx_word' id='word_1_277' title='bbox 1404 3943 1504 3999; x_wconf 79' lang='lat' dir='ltr'>hdnnts</span> 
     </span>
     <span class='ocr_line' id='line_1_33' title="bbox 275 4030 1505 4101; baseline 0.002 -17"><span class='ocrx_word' id='word_1_278' title='bbox 275 4031 340 4101; x_wconf 86' lang='lat' dir='ltr'>(und</span> <span class='ocrx_word' id='word_1_279' title='bbox 358 4031 487 4099; x_wconf 81' lang='lat' dir='ltr'>sollte)?“</span> <span class='ocrx_word' id='word_1_280' title='bbox 506 4062 541 4073; x_wconf 93' lang='lat'><em>-</em></span> <span class='ocrx_word' id='word_1_281' title='bbox 563 4030 736 4101; x_wconf 80' lang='lat' dir='ltr'>Pompeium]</span> <span class='ocrx_word' id='word_1_282' title='bbox 755 4031 789 4085; x_wconf 90' lang='lat' dir='ltr'>In</span> <span class='ocrx_word' id='word_1_283' title='bbox 807 4032 860 4086; x_wconf 90' lang='lat' dir='ltr'>den</span> <span class='ocrx_word' id='word_1_284' title='bbox 878 4031 997 4099; x_wconf 88' lang='lat' dir='ltr'>Nachen,</span> <span class='ocrx_word' id='word_1_285' title='bbox 1016 4032 1065 4086; x_wconf 88' lang='lat' dir='ltr'>der</span> <span class='ocrx_word' id='word_1_286' title='bbox 1082 4030 1129 4085; x_wconf 92' lang='lat' dir='ltr'>ihn</span> <span class='ocrx_word' id='word_1_287' title='bbox 1146 4031 1191 4086; x_wconf 90' lang='lat' dir='ltr'>bei</span> <span class='ocrx_word' id='word_1_288' title='bbox 1208 4031 1345 4086; x_wconf 91' lang='lat' dir='ltr'>Pelusium</span> <span class='ocrx_word' id='word_1_289' title='bbox 1363 4047 1412 4086; x_wconf 81' lang='lat' dir='ltr'>uns</span> <span class='ocrx_word' id='word_1_290' title='bbox 1429 4032 1505 4087; x_wconf 80' lang='lat' dir='ltr'>Laud</span> 
     </span>
     <span class='ocr_line' id='line_1_34' title="bbox 275 4119 1504 4191; baseline 0.002 -18"><span class='ocrx_word' id='word_1_291' title='bbox 275 4119 388 4190; x_wconf 78' lang='lat' dir='ltr'>bringeri</span> <span class='ocrx_word' id='word_1_292' title='bbox 406 4119 498 4188; x_wconf 88' lang='lat' dir='ltr'>sollte,</span> <span class='ocrx_word' id='word_1_293' title='bbox 522 4120 619 4176; x_wconf 85' lang='lat' dir='ltr'>honnte</span> <span class='ocrx_word' id='word_1_294' title='bbox 638 4120 781 4190; x_wconf 86' lang='lat' dir='ltr'>Pompejus</span> <span class='ocrx_word' id='word_1_295' title='bbox 804 4136 858 4174; x_wconf 91' lang='lat' dir='ltr'>nur</span> <span class='ocrx_word' id='word_1_296' title='bbox 879 4120 932 4175; x_wconf 89' lang='lat' dir='ltr'>den</span> <span class='ocrx_word' id='word_1_297' title='bbox 948 4120 1167 4190; x_wconf 79' lang='lat' dir='ltr'>Freigelassenen</span> <span class='ocrx_word' id='word_1_298' title='bbox 1185 4120 1324 4191; x_wconf 89' lang='lat' dir='ltr'>Philippus</span> <span class='ocrx_word' id='word_1_299' title='bbox 1346 4121 1401 4174; x_wconf 93' lang='lat' dir='ltr'>und</span> <span class='ocrx_word' id='word_1_300' title='bbox 1425 4120 1504 4175; x_wconf 89' lang='lat' dir='ltr'>einen</span> 
     </span>
     <span class='ocr_line' id='line_1_35' title="bbox 275 4208 1504 4281; baseline 0.002 -18"><span class='ocrx_word' id='word_1_301' title='bbox 275 4208 390 4263; x_wconf 80' lang='lat' dir='ltr'>Sklaven</span> <span class='ocrx_word' id='word_1_302' title='bbox 408 4208 589 4277; x_wconf 84' lang='lat' dir='ltr'>mitnehmen3</span> <span class='ocrx_word' id='word_1_303' title='bbox 614 4208 685 4264; x_wconf 90' lang='lat' dir='ltr'>nach</span> <span class='ocrx_word' id='word_1_304' title='bbox 707 4209 796 4264; x_wconf 87' lang='lat' dir='ltr'>seiner</span> <span class='ocrx_word' id='word_1_305' title='bbox 813 4210 981 4279; x_wconf 84' lang='lat' dir='ltr'>Ermordung</span> <span class='ocrx_word' id='word_1_306' title='bbox 1003 4211 1056 4281; x_wconf 78' lang='lat'>(29.</span> <span class='ocrx_word' id='word_1_307' title='bbox 1076 4209 1233 4279; x_wconf 82' lang='lat' dir='ltr'>September</span> <span class='ocrx_word' id='word_1_308' title='bbox 1254 4211 1290 4267; x_wconf 81' lang='lat'>48</span> <span class='ocrx_word' id='word_1_309' title='bbox 1307 4227 1333 4265; x_wconf 84' lang='lat' dir='ltr'>v.</span> <span class='ocrx_word' id='word_1_310' title='bbox 1353 4209 1427 4280; x_wconf 81' lang='lat' dir='ltr'>chr.)</span> <span class='ocrx_word' id='word_1_311' title='bbox 1445 4210 1504 4265; x_wconf 90' lang='lat' dir='ltr'>floh</span> 
     </span>
     <span class='ocr_line' id='line_1_36' title="bbox 274 4287 1503 4369; baseline 0.001 -16"><span class='ocrx_word' id='word_1_312' title='bbox 274 4298 334 4353; x_wconf 86' lang='lat' dir='ltr'>sein</span> <span class='ocrx_word' id='word_1_313' title='bbox 348 4298 459 4368; x_wconf 81' lang='lat' dir='ltr'>Gefolge</span> <span class='ocrx_word' id='word_1_314' title='bbox 477 4298 546 4352; x_wconf 88' lang='lat' dir='ltr'>nach</span> <span class='ocrx_word' id='word_1_315' title='bbox 559 4298 652 4367; x_wconf 75' lang='lat' dir='ltr'>Tyrus,</span> <span class='ocrx_word' id='word_1_316' title='bbox 672 4299 785 4353; x_wconf 77' lang='lat' dir='ltr'>anderen</span> <span class='ocrx_word' id='word_1_317' title='bbox 795 4287 1006 4368; x_wconf 80' lang='lat' dir='ltr'>iiberiieierung</span> <span class='ocrx_word' id='word_1_318' title='bbox 1019 4298 1124 4369; x_wconf 80' lang='lat' dir='ltr'>zuiolge</span> <span class='ocrx_word' id='word_1_319' title='bbox 1138 4298 1208 4354; x_wconf 88' lang='lat' dir='ltr'>nach</span> <span class='ocrx_word' id='word_1_320' title='bbox 1221 4298 1337 4369; x_wconf 80' lang='lat' dir='ltr'>(typern.</span> <span class='ocrx_word' id='word_1_321' title='bbox 1365 4299 1423 4355; x_wconf 87' lang='lat' dir='ltr'>Der</span> <span class='ocrx_word' id='word_1_322' title='bbox 1438 4300 1503 4355; x_wconf 89' lang='lat' dir='ltr'>Um·</span> 
     </span>
     <span class='ocr_line' id='line_1_37' title="bbox 274 4378 1502 4459; baseline 0.003 -17"><span class='ocrx_word' id='word_1_323' title='bbox 274 4387 402 4457; x_wconf 84' lang='lat' dir='ltr'>schwung</span> <span class='ocrx_word' id='word_1_324' title='bbox 418 4378 456 4440; x_wconf 88' lang='lat' dir='ltr'>im</span> <span class='ocrx_word' id='word_1_325' title='bbox 470 4386 556 4441; x_wconf 80' lang='lat' dir='ltr'>Gliick</span> <span class='ocrx_word' id='word_1_326' title='bbox 573 4387 621 4442; x_wconf 90' lang='lat' dir='ltr'>des</span> <span class='ocrx_word' id='word_1_327' title='bbox 634 4386 778 4457; x_wconf 73' lang='lat' dir='ltr'>Pompeius</span> <span class='ocrx_word' id='word_1_328' title='bbox 796 4387 851 4441; x_wconf 88' lang='lat' dir='ltr'>und</span> <span class='ocrx_word' id='word_1_329' title='bbox 865 4386 948 4444; x_wconf 73' lang='lat' dir='ltr'>Ctsar</span> <span class='ocrx_word' id='word_1_330' title='bbox 965 4388 1028 4458; x_wconf 85' lang='lat' dir='ltr'>ging</span> <span class='ocrx_word' id='word_1_331' title='bbox 1040 4388 1133 4445; x_wconf 78' lang='lat' dir='ltr'>(iicero</span> <span class='ocrx_word' id='word_1_332' title='bbox 1151 4388 1296 4443; x_wconf 88' lang='lat' dir='ltr'>bescnders</span> <span class='ocrx_word' id='word_1_333' title='bbox 1315 4388 1394 4457; x_wconf 77' lang='lat' dir='ltr'>nahe,</span> <span class='ocrx_word' id='word_1_334' title='bbox 1413 4389 1435 4457; x_wconf 91' lang='lat' dir='ltr'>I,</span> <span class='ocrx_word' id='word_1_335' title='bbox 1452 4392 1502 4459; x_wconf 77' lang='lat'>863</span> 
     </span>
     <span class='ocr_line' id='line_1_38' title="bbox 274 4475 1503 4547; baseline 0.002 -17"><span class='ocrx_word' id='word_1_336' title='bbox 274 4476 322 4530; x_wconf 86' lang='lat' dir='ltr'>des</span> <span class='ocrx_word' id='word_1_337' title='bbox 335 4475 478 4545; x_wconf 75' lang='lat' dir='ltr'>Pompeius</span> <span class='ocrx_word' id='word_1_338' title='bbox 495 4475 626 4545; x_wconf 70' lang='lat' dir='ltr'>munges</span> <span class='ocrx_word' id='word_1_339' title='bbox 638 4476 714 4531; x_wconf 78' lang='lat' dir='ltr'>Ende</span> <span class='ocrx_word' id='word_1_340' title='bbox 733 4476 813 4531; x_wconf 84' lang='lat' dir='ltr'>souis</span> <span class='ocrx_word' id='word_1_341' title='bbox 831 4477 879 4531; x_wconf 83' lang='lat' dir='ltr'>das</span> <span class='ocrx_word' id='word_1_342' title='bbox 896 4477 1010 4531; x_wconf 78' lang='lat' dir='ltr'>anderen</span> <span class='ocrx_word' id='word_1_343' title='bbox 1026 4478 1130 4547; x_wconf 80' lang='lat' dir='ltr'>grosser</span> <span class='ocrx_word' id='word_1_344' title='bbox 1142 4477 1256 4533; x_wconf 78' lang='lat' dir='ltr'>Mtnner</span> <span class='ocrx_word' id='word_1_345' title='bbox 1273 4478 1347 4532; x_wconf 86' lang='lat' dir='ltr'>hatte</span> <span class='ocrx_word' id='word_1_346' title='bbox 1362 4478 1455 4535; x_wconf 82' lang='lat' dir='ltr'>Cicero</span> <span class='ocrx_word' id='word_1_347' title='bbox 1473 4478 1503 4532; x_wconf 91' lang='lat' dir='ltr'>in</span> 
     </span>
     <span class='ocr_line' id='line_1_39' title="bbox 273 4563 1474 4638; baseline -0.002 -17"><span class='ocrx_word' id='word_1_348' title='bbox 273 4564 364 4621; x_wconf 86' lang='lat' dir='ltr'>seincr</span> <span class='ocrx_word' id='word_1_349' title='bbox 377 4563 569 4634; x_wconf 64' lang='lat' dir='ltr'>„concheios</span> <span class='ocrx_word' id='word_1_350' title='bbox 583 4566 847 4622; x_wconf 79' lang='lat' dir='ltr'>zusammentassend</span> <span class='ocrx_word' id='word_1_351' title='bbox 860 4565 1016 4636; x_wconf 84' lang='lat' dir='ltr'>dargestellt</span> <span class='ocrx_word' id='word_1_352' title='bbox 1033 4568 1076 4638; x_wconf 89' lang='lat' dir='ltr'>(de</span> <span class='ocrx_word' id='word_1_353' title='bbox 1090 4566 1143 4621; x_wconf 86' lang='lat' dir='ltr'>div.</span> <span class='ocrx_word' id='word_1_354' title='bbox 1157 4566 1194 4636; x_wconf 87' lang='lat'>11,</span> <span class='ocrx_word' id='word_1_355' title='bbox 1208 4568 1262 4637; x_wconf 74' lang='lat'>22),</span> <span class='ocrx_word' id='word_1_356' title='bbox 1282 4582 1303 4622; x_wconf 88' lang='lat' dir='ltr'>s.</span> <span class='ocrx_word' id='word_1_357' title='bbox 1318 4584 1352 4622; x_wconf 81' lang='lat' dir='ltr'>an</span> <span class='ocrx_word' id='word_1_358' title='bbox 1365 4567 1417 4636; x_wconf 89' lang='lat'>111,</span> <span class='ocrx_word' id='word_1_359' title='bbox 1433 4569 1474 4624; x_wconf 85' lang='grc'>70.</span> 
     </span>
     <span class='ocr_line' id='line_1_40' title="bbox 1249 4656 1288 4713; baseline 0 -20"><span class='ocrx_word' id='word_1_360' title='bbox 1249 4656 1288 4713; x_wconf 72' lang='lat'>5*</span> 
     </span>
    </p>
   </div>
   <div class='ocr_carea' id='block_1_9' title="bbox 0 0 1826 5225">
    <p class='ocr_par' dir='ltr' id='par_1_14' title="bbox 0 0 1826 5225">
     <span class='ocr_line' id='line_1_41' title="bbox 0 0 1826 5225; baseline 0 1"><span class='ocrx_word' id='word_1_361' title='bbox 0 0 1826 5225; x_wconf 95' lang='lat' dir='ltr'> </span> 
     </span>
    </p>
   </div>
  </div>
 </body>
</html>
