3642 5225
738 505 988 575 mamm
1427 505 1480 567 m

336 668 386 733 Μ.
421 667 504 749 Quia
518 671 625 734 motus
648 669 827 734 turbulenti
849 669 1099 751 iactationesque
1123 669 1303 734 animorum
1326 669 1478 735 incitatae

247 779 281 841 et
304 777 426 860 impetu
456 777 688 842 inconsiderato
718 777 822 841 elatae
845 777 1003 841 rationem
1026 795 1154 841 omnem
1177 777 1369 860 repellentes
1392 778 1478 842 vitae

248 884 361 948 beatae
384 884 508 948 nullam
531 887 656 967 partem
678 885 876 966 relinquunt.
923 882 1002 962 Quis
1022 884 1107 948 enim
1129 886 1237 967 potest
1261 887 1397 948 mortem
1422 887 1480 949 aut

248 991 388 1055 dolorem
417 992 580 1068 metuens,
611 1010 748 1073 quornm
771 991 908 1055 alterum
932 1008 1025 1073 saepe
1050 990 1156 1068 adest,
1187 991 1328 1056 alterum
1352 1010 1479 1074 semper

247 1098 419 1181 impendet
442 1117 590 1163 essenon
604 1099 725 1162 miser?
755 1096 848 1176 Quid,
872 1098 900 1162 si
915 1097 1009 1174 idem,
1027 1097 1112 1179 quod
1127 1099 1315 1181 plerumque
1331 1098 1377 1176 fit,
1400 1117 1479 1180 pan-

249 1206 416 1288 pertatem,
439 1205 656 1287 ignominiam,
679 1205 844 1269 infamiam
867 1205 970 1280 timet,
999 1204 1027 1268 si
1050 1204 1258 1282 debilitatem,
1282 1206 1478 1283 eaecitatem,

248 1311 277 1375 si
300 1311 450 1394 denique,
482 1311 565 1394 quod
587 1331 651 1375 non
675 1312 808 1394 singulis
830 1311 1030 1389 hominibus,
1060 1311 1117 1376 sed
1146 1313 1331 1395 potentibus
1354 1314 1479 1396 populis

250 1437 344 1501 saepe
367 1419 508 1501 contigit,
530 1421 742 1483 servitutem?
773 1420 880 1502 potest
911 1437 949 1483 ea
971 1419 1089 1483 timens
1118 1437 1187 1483 esse
1213 1420 1383 1501 quisquam
1405 1420 1480 1484 bea·

248 1526 328 1589 tus?
358 1523 451 1605 Quid,
476 1527 530 1608 qui
553 1544 616 1590 non
639 1526 733 1590 modo
757 1545 795 1591 ea
809 1525 920 1590 futura
936 1526 1038 1604 timet,
1062 1545 1174 1590 vemm
1190 1527 1289 1590 etiam
1305 1526 1368 1590 fert
1383 1527 1521 1596 susti-ie

249 1634 368 1714 netque
384 1635 586 1716 praesentia?
611 1633 691 1698 adde
708 1632 818 1698 eodem
835 1633 954 1711 exsilia,
978 1633 1094 1711 luetus,
1117 1634 1287 1709 orbitates;
1313 1634 1368 1715 qui
1383 1635 1478 1697 rebus

250 1739 300 1803 his
323 1739 445 1804 fraotus
476 1739 674 1822 aegritudine
698 1740 842 1817 eliditur,
874 1742 982 1823 potest
1004 1740 1136 1805 tandem
1160 1759 1230 1805 esse
1254 1759 1317 1805 non
1340 1741 1480 1805 miserri-

251 1955 319 2017 tem
341 1953 495 2028 videmus,
519 1955 625 2018 omnia
648 1954 757 2017 rabide
781 1955 986 2036 appetentem
1012 1974 1084 2018 oum
1100 1954 1282 2037 inexplebili
1297 1954 1480 2037 eupiditate,

254 2078 379 2141 quoque
403 2059 587 2124 affluentius
609 2061 791 2143 voluptates
814 2059 955 2142 undique
978 2060 1122 2138 hauriat,
1154 2079 1189 2124 eo
1218 2061 1346 2143 gravius
1370 2061 1483 2126 arden-

252 2168 382 2249 tiusque
406 2168 576 2240 sitientem,
599 2187 703 2232 nonne
725 2169 811 2232 reete
834 2168 1050 2232 miserrimum
1074 2168 1212 2232 dixeris?
1244 2166 1353 2246 Quid?
1377 2169 1481 2232 elatus

253 2275 307 2337 ille
337 2275 467 2339 levitate
497 2275 646 2357 inanique
677 2275 801 2339 laetitia
825 2275 989 2339 exsultans
1014 2278 1047 2338 et
1070 2279 1190 2339 temero
1214 2275 1354 2357 gestiens
1377 2294 1481 2340 nonne

252 2383 344 2446 tanto
373 2382 532 2458 miserior,
562 2384 682 2464 quanto
713 2382 772 2446 sibi
795 2381 921 2446 videtur
944 2382 1089 2446 beatior?
1134 2382 1218 2464 Ergo
1247 2383 1285 2445 ut
1306 2382 1341 2446 hi
1363 2382 1481 2461 miseri,

254 2488 299 2552 sio
322 2493 432 2552 eontra
454 2489 501 2552 illi
523 2490 618 2564 beati,
643 2508 721 2571 quos
744 2489 825 2552 nulli
847 2491 955 2553 metus
977 2490 1109 2566 terrent
1131 2490 1240 2553 nullae
1265 2489 1481 2570 aegritudines

252 2595 401 2674 exedunt,
415 2596 523 2661 nullae
539 2596 687 2662 libidines
703 2595 846 2673 inuitant,
861 2595 970 2660 nullae
986 2595 1109 2661 futtiles
1125 2596 1268 2661 laetitiae
1285 2596 1481 2661 exsultantes

253 2844 342 2912 modo]
362 2842 435 2912 „wie
453 2858 482 2897 so
500 2843 592 2897 (13.ςῖιι
613 2874 646 2882 -
671 2860 787 2913 quorum
808 2844 935 2912 abatem]
961 2842 1094 2897 Neutrum
1118 2842 1147 2896 in
1172 2843 1327 2912 Beziehuug
1350 2844 1397 2897 aui
1420 2860 1483 2897 rer-

253 2931 398 2986 sehiedene
417 2932 528 2987 Genera
565 2933 644 2987 Auoh
666 2932 703 2986 im
722 2932 891 2987 Deutsohen:
917 2933 981 3001 „lst
999 2934 1084 2987 Vater
1105 2933 1170 2987 oder
1192 2933 1293 2987 Mutter
1316 2949 1350 2986 zu
1371 2932 1483 2987 Hause?

255 3022 355 3075 Keines
373 3037 426 3075 von
443 3021 565 3076 beiden.“
742 3034 745 3039 ’

256 3181 292 3234 bis
314 3180 382 3235 wird
404 3181 512 3250 §ibit
530 3181 578 3234 das
594 3171 867 3236 &inundationem
891 3182 960 3235 uach
979 3183 1030 3235 Art
1053 3182 1102 3234 der
1118 3180 1394 3235 Mathematilrer
1417 3182 1484 3234 ieet·

253 3269 358 3339 gelegt;
377 3269 420 3323 die
433 3268 492 3323 vier
505 3269 713 3323 Grundatfelrie:
732 3270 840 3337 Furebt,
859 3271 997 3337 Kummer,
1016 3270 1089 3338 Lust,
1109 3269 1280 3338 Hoohgeiiihl
1294 3271 1419 3340 (Frende)
1438 3270 1485 3324 be-

656 3357 782 3413 stimmen
800 3357 843 3412 die
862 3359 1085 3428 Gedanlreniolge.

324 3464 478 3535 protenditis
500 3465 613 3535 populis
712 3465 876 3535 sonituum]
904 3466 973 3520 Ronr
999 3466 1066 3535 jetzt
1092 3468 1171 3520 unter
1198 3466 1286 3521 Ctisar.
1331 3465 1382 3519 Die
1408 3467 1486 3519 moto

255 3555 285 3623 (3
301 3557 333 3621 -l-
348 3556 366 3608 2
382 3557 413 3621 -1-
431 3555 456 3621 1)
474 3554 533 3608 sind
551 3554 594 3608 die
612 3554 681 3608 auch
700 3556 780 3609 sonst¹
791 3571 873 3622 gerne
893 3555 1080 3609 behandelten.

333 3656 372 3698 ro.
396 3642 570 3713 sustinetqrae]
590 3643 807 3713 „proruente
824 3643 901 3713 hate,
926 3645 977 3698 wie
1002 3649 1070 3699 etwa
1088 3644 1167 3698 Atlas
1185 3644 1300 3698 sustinet
1319 3645 1431 3697 eaelum.
1452 3674 1486 3684 -—

253 3732 421 3801 praeradia]
441 3731 491 3786 Die
510 3732 579 3786 aueh
592 3734 667 3786 sonst
684 3748 736 3786 von
750 3731 843 3788 Cicero
861 3733 890 3785 in
908 3733 993 3787 freier
1005 3732 1179 3802 Reihenlolge
1194 3732 1354 3786 behandelte
1373 3733 1487 3787 stoisohe

257 3821 425 3891 Vierteilung
442 3823 491 3876 der
502 3822 693 3891 Hauptaffelrte
707 3825 743 3892 (1.
761 3828 848 3877 metus
862 3854 897 3862 -
910 3823 1035 3890 Zulruuft,
1050 3823 1194 3877 besonders
1209 3823 1263 3876 Tod
1282 3822 1337 3875 und
1351 3822 1487 3890 Sobmerz,

258 3913 283 3966 1.
302 3911 356 3964 und
374 3913 399 3966 2.
419 3911 509 3979 Buoh;
534 3913 559 3966 2.
578 3911 719 3980 aegritudo
738 3942 771 3951 -
790 3912 963 3980 Gegenwart,
987 3914 1012 3967 3.
1032 3910 1124 3979 Buoh;
1150 3914 1174 3966 3.
1199 3910 1283 3964 libello
1302 3941 1336 3948 -
1356 3910 1487 3977 Zuirunit3

257 4001 284 4054 4.
303 4000 408 4054 udaia
422 4001 555 4069 (gestiens)
575 4032 610 4040 -
629 4000 794 4069 Gegenwart,
813 4000 891 4055 beide
909 4000 947 4053 im
964 4002 989 4055 4.
1005 4000 1081 4053 Buoh
1101 3999 1230 4068 erledigt).
1252 4030 1285 4038 —
1304 3999 1371 4052 adde
1389 3998 1487 4069 eodem]

256 4089 345 4157 „fiige
363 4090 431 4143 dazu
449 4090 548 4144 noeh“.
568 4121 601 4129 —
627 4089 749 4159 eliditur]
768 4088 908 4158 „gellihmt
926 4089 1001 4157 wird,
1020 4088 1079 4142 sioh
1097 4089 1243 4143 aufreibt“.
1265 4119 1298 4127 —
1323 4088 1434 4156 quoque]
1455 4114 1487 4133 =

255 4182 283 4231 et
300 4195 359 4247 que.
386 4209 420 4218 -
444 4178 621 4248 adflroerrtiuo]
644 4178 762 4247 adfluere
787 4178 916 4232 zunsehst
934 4193 1004 4246 „von
1028 4178 1098 4231 allen
1117 4177 1207 4231 Seiten
1232 4177 1488 4247 hernustrdmend“;

255 4266 355 4319 durans
379 4266 531 4321 entwiolrelt
553 4267 611 4321 sioh
634 4267 677 4321 die
696 4267 855 4335 Bedeutrmg
876 4267 996 4335 adfluere
1014 4256 1176 4336 „llberdluss
1198 4266 1317 4318 haben“.
1344 4297 1378 4305 -
1403 4266 1490 4321 elatus

318 4357 466 4426 mutuas]
486 4357 632 4426 Gegensatz
650 4357 780 4422 humiles,
805 4356 954 4420 mmmmm,
981 4357 1143 4424 (oppressus)
1162 4355 1244 4420 iord,
1270 4354 1322 4423 vgl.
1342 4357 1357 4423 ξ
1375 4356 1411 4409 24
1436 4356 1490 4409 und

257 4444 307 4512 IV,
327 4446 399 4499 llil.
425 4477 458 4485 —
485 4446 567 4515 Ergo]
594 4447 648 4500 llas
667 4445 888 4499 Vorhandensein
906 4444 954 4498 der
973 4444 1081 4498 Affelite
1102 4443 1191 4497 maoht
1210 4444 1304 4510 elend,
1330 4444 1377 4497 das
1395 4444 1490 4498 Nioht-

258 4533 472 4589 vorhandeusein
490 4535 561 4589 mnss
579 4534 635 4589 also
649 4534 795 4603 gliielrselig
809 4534 929 4588 machon.
961 4533 1016 4587 Das
1030 4532 1150 4586 Freisein
1164 4532 1277 4586 bewirlrt
1295 4533 1359 4587 aber
1376 4533 1425 4587 der
1438 4534 1493 4588 Be-

312 4623 366 4679 Cro.
380 4624 601 4680 insumerem.
633 4640 706 4679 111-r.
1243 4624 1280 4675 ib
