3642 5225
744 525 801 579 rra.
820 525 854 594 v,
873 540 897 580 ο.
916 526 1030 580 25-26.
1453 509 1502 572 171

272 713 359 771 rum,
387 693 421 757 in
450 711 511 774 quo
535 691 636 756 doctis
659 689 801 774 positum
829 689 878 752 est
905 706 980 751 cum
1003 685 1171 750 consilium
1194 681 1297 747 omnis
1321 679 1405 745 vitae
1430 696 1503 742 con-

273 801 415 865 sentiens
439 801 472 864 et
493 817 594 882 paene
618 796 819 880 conspirans,
849 798 920 859 tum
948 811 1075 858 summa
1098 790 1281 857 iucunditas
1305 807 1322 852 e
1346 785 1503 853 cotidiano

272 909 365 973 cultu
389 910 485 989 atque
509 906 604 970 victu.
642 903 726 984 Quid
749 904 828 968 haec
850 903 982 967 tandem
1005 902 1072 967 vita
1088 901 1257 978 desiderat,
1281 915 1344 980 quo
1368 896 1411 960 sit
1430 895 1505 958 bea-

275 1016 362 1079 tior?
386 1015 437 1079 oui
460 1013 595 1078 refertae
618 1013 667 1076 tot
689 1011 852 1093 tantisque
876 1009 1001 1092 gaudiis
1016 1009 1159 1074 Fortuna
1180 1010 1251 1093 ipsa
1266 1010 1360 1075 cedat
1374 1031 1504 1077 necesse

275 1124 334 1187 est.
369 1120 490 1200 Quodsi
508 1120 645 1202 gaudere
661 1119 780 1183 talibus
803 1118 893 1183 bonis
917 1117 1024 1195 animi,
1047 1118 1080 1181 id
1104 1119 1154 1182 est
1168 1118 1351 1197 virtutibus,
1373 1120 1506 1185 beatum

274 1232 327 1293 est
349 1246 522 1309 omnesque
546 1226 705 1310 sapientes
728 1225 779 1289 his
802 1224 926 1306 gaudiis
942 1223 1161 1308 perfruuntur,
1183 1243 1294 1290 omnes
1318 1244 1371 1290 eos
1393 1227 1504 1292 beatos

275 1354 347 1400 esse
371 1335 514 1400 confiteri
536 1352 666 1398 necesse
690 1334 748 1397 est.

366 1441 408 1506 A.
443 1442 591 1506 Etiamne
614 1442 647 1504 in
671 1441 860 1505 cruciatu
884 1442 1009 1521 atquo
1032 1441 1280 1504 tormentis?
1514 1419 1559 1489 2⁸

366 1548 416 1612 M.
451 1552 501 1613 An
523 1550 560 1612 tu
584 1567 635 1613 me
658 1548 691 1612 in
714 1548 798 1612 riola
819 1549 957 1630 putabas
982 1549 1039 1611 aut
1061 1548 1094 1611 in
1117 1566 1190 1612 rosa
1205 1547 1331 1612 dicere?
1366 1550 1417 1612 An
1431 1521 1548 1632 Epi-⁷⁸

277 1676 368 1734 curo,
398 1657 454 1738 qui
481 1658 609 1720 tautum
637 1655 730 1720 modo
757 1655 863 1718 induit
886 1674 1055 1738 personam
1077 1655 1257 1738 philosophi
1286 1658 1320 1720 et
1349 1655 1409 1721 sibi
1438 1655 1506 1739 ipse

277 1765 339 1828 hoc
353 1782 470 1827 nomen
484 1762 654 1845 inscripsit,
678 1762 780 1827 dicere
803 1763 921 1839 licebit,
945 1762 1185 1845 quodquidam,
1207 1766 1245 1827 ut
1267 1764 1365 1829 habet
1388 1781 1422 1827 se
1445 1781 1507 1840 res,

279 1890 331 1935 me
355 1874 463 1934 tamen
486 1869 658 1952 plaudente
682 1869 772 1945 dicit,
800 1870 926 1933 nullum
954 1871 1090 1952 sapienti
1114 1889 1183 1935 esse
1207 1873 1349 1954 tempus,
1380 1870 1507 1934 etiamsi

281 1980 409 2054 uratur,
439 1979 639 2058 torqueatur,
669 1979 808 2052 secetur,
838 1978 915 2058 quin
945 1977 1046 2059 possit
1069 1978 1263 2042 exclamare:
1294 1977 1422 2057 „Quam
1450 1996 1506 2060 pro

279 2085 379 2149 nihilo
401 2084 520 2166 puto!“
544 2102 617 2147 cum
639 2083 825 2166 praesertim
851 2102 943 2147 omne
967 2084 1089 2148 malum
1106 2084 1211 2148 dolore
1228 2085 1366 2161 definiat,
1390 2085 1508 2148 bonum

281 2193 459 2273 voluptate,
488 2191 567 2254 haec
593 2192 704 2254 nostra
730 2191 877 2266 honesta,
906 2192 1014 2274 turpia
1043 2191 1180 2257 inrideat
1209 2192 1358 2274 dicatque
1387 2210 1445 2255 nos
1474 2191 1509 2254 in

281 2299 410 2363 vocibus
434 2300 603 2381 occupatos
630 2299 741 2362 inanes
770 2317 863 2362 sonos
892 2298 1024 2363 fundere
1054 2318 1158 2381 neque
1184 2300 1355 2382 quicquam
1383 2299 1423 2363 ad
1450 2317 1508 2364 nos

281 2407 454 2489 pertinere,
481 2407 542 2469 nisi
571 2405 654 2487 quod
683 2407 741 2469 aut
769 2407 837 2470 leve
866 2407 924 2470 aut
953 2425 1102 2489 asperum
1124 2407 1158 2470 in
1182 2426 1310 2490 corpore
1334 2407 1508 2471 sentiatur:

282 2514 357 2577 huic
380 2532 467 2595 ergo,
497 2516 535 2577 ut
557 2513 633 2589 dixi,
661 2532 724 2577 uon
746 2514 886 2577 multum
909 2512 1067 2577 differenti
1090 2532 1109 2577 a
1131 2513 1246 2578 iudicio
1269 2513 1409 2578 ferarum
1432 2513 1510 2577 obli-

284 2622 361 2685 visci
389 2621 497 2685 licebit
526 2621 577 2684 sui
606 2623 639 2684 et
668 2623 739 2685 tum
762 2620 923 2684 fortunam
947 2624 1163 2699 contemnere,
1193 2641 1266 2687 oum
1295 2622 1338 2686 sit
1360 2640 1453 2686 omne
1477 2624 1510 2685 et

283 2729 403 2791 bonum
426 2728 494 2791 eius
518 2729 551 2791 et
565 2728 687 2792 malum
703 2729 735 2791 in
750 2730 908 2811 potestate
925 2728 1079 2807 fortunae,
1102 2731 1172 2793 tum
1195 2729 1297 2794 dicere
1322 2748 1355 2794 se
1378 2730 1510 2794 beatum

281 2994 333 3063 111,
352 2997 377 3050 3.
397 3026 432 3034 -
457 2993 659 3063 amicitiarum]
683 2993 776 3049 Cicero
794 2993 868 3047 hatte
886 2994 970 3048 deren
988 2993 1058 3048 violo
1076 2994 1161 3048 durch
1179 2994 1253 3048 seina
1271 2994 1511 3063 Anwaltstatigleit

280 3083 430 3137 erworben.
445 3114 479 3122 —
496 3084 530 3136 e'a
547 3085 609 3152 qao]
629 3083 682 3136 Fur
696 3083 743 3137 das
756 3082 881 3151 folgende
896 3085 967 3136 erste
979 3083 1055 3136 Glied
1070 3085 1152 3150 (cam)
1172 3085 1296 3136 erwartet
1314 3099 1376 3137 man
1395 3082 1460 3137 cher
1477 3083 1511 3137 io

281 3171 396 3240 quibus:
416 3172 529 3238 „Worin
542 3172 611 3225 nach
624 3172 674 3225 der
682 3171 795 3225 Ansioht
808 3172 857 3225 der
870 3170 1050 3240 Philosophen
1065 3171 1162 3225 einmal
1177 3172 1237 3226 eine
1246 3160 1511 3241 Ubereinstimmung

282 3262 338 3315 und
355 3263 411 3315 fast
428 3260 526 3329 vdllige
540 3260 690 3314 Gleichhoit
707 3261 754 3314 des
771 3277 874 3329 ganzen
892 3260 1089 3330 Lebensplanes
1107 3260 1193 3330 liegt“
1213 3261 1284 3331 (eino
1302 3260 1380 3315 Seele
1398 3261 1426 3314 in
1445 3262 1511 3315 zwei

283 3352 417 3419 Ieibern).
443 3382 477 3390 —
500 3368 514 3404 e
531 3350 679 3419 corelliano]
699 3349 806 3405 Ciceros
824 3349 916 3404 Brieie
934 3350 1048 3403 riihmen
1066 3350 1095 3402 in
1113 3350 1200 3404 dieser
1218 3350 1343 3404 flinsioht
1367 3350 1414 3405 das
1439 3372 1511 3425 συμ-

282 3445 445 3513 φιλολογεῐν
463 3439 517 3492 und
537 3444 769 3514 συμφιλοσοφεῖν.
789 3470 822 3478 -
840 3439 923 3509 rictu]
943 3439 987 3493 bei
1005 3440 1058 3493 den
1076 3438 1246 3493 zahlreichen
1263 3439 1456 3509 Einladungen.
1477 3472 1511 3481 -

280 3548 336 3599 quo
354 3531 392 3582 rit
409 3529 521 3598 beatem]
541 3528 689 3596 „wodurch
769 3527 934 3596 gliiclrlicher
951 3528 1009 3581 sein
1028 3528 1155 3582 konnw‘.

357 3672 434 3740 Kap.
455 3672 508 3729 26.
547 3685 588 3725 ra.
607 3670 641 3724 cic
658 3671 731 3725 viola
809 3673 883 3740 roro]
902 3687 923 3724 s.
944 3688 977 3724 zu
995 3671 1046 3739 111,
1065 3673 1108 3727 43.
1128 3703 1162 3711 -
1181 3672 1227 3725 Aa
1245 3672 1376 3743 Elpe'caro]
1397 3672 1513 3741 „Einem

286 3762 386 3830 Epikur
403 3760 481 3815 sollte
500 3776 529 3815 es
548 3760 652 3815 erlaubt
669 3761 728 3815 sein
808 3760 926 3814 anderen
944 3760 1060 3813 nicht?“
1088 3760 1145 3815 Der
1158 3761 1282 3816 Gedanke
1297 3762 1363 3815 wind
1377 3765 1433 3815 oret
1447 3763 1463 3830 ξ
1478 3764 1513 3817 75

285 3851 336 3904 mit
354 3850 406 3904 Sed
423 3869 486 3905 cum
504 3852 718 3920 autgenommen.
737 3881 771 3889 -
794 3850 888 3903 induit
902 3851 1059 3920 percoctam]
1084 3851 1153 3918 „hat
1170 3850 1213 3904 die
1232 3851 1322 3905 Maste
1341 3852 1513 3924 (πρόσωπον)

283 3940 445 4009 angelegt“;
463 3941 510 3994 das
528 3940 743 4008 lnlronsequeute
761 3939 828 3993 wird
846 3939 909 3993 dem
923 3939 1023 4007 Epikur
1041 3940 1137 3994 immer
1154 3939 1254 3994 wieder
1272 3941 1464 4008 vorgeworfen.
1478 3971 1512 3979 —

284 4046 349 4083 cum
365 4029 537 4099 pracsertim]
557 4045 611 4083 was
630 4029 673 4083 bei
691 4029 747 4081 ihm
765 4046 810 4081 um
830 4044 859 4082 so
877 4028 1031 4097 auffdlliger
1048 4029 1091 4083 ist.
1112 4060 1145 4071 -
1163 4029 1281 4095 honesta
1301 4028 1405 4097 turpio]
1425 4031 1513 4097 Asyn·

284 4118 382 4183 detou3
407 4117 492 4171 durch
510 4123 605 4172 metro
627 4117 801 4171 identifiziert
818 4117 910 4173 Cicero
934 4117 993 4171 hier
1015 4118 1089 4171 seins
1109 4118 1290 4186 Auschauung
1314 4117 1363 4170 mit
1387 4118 1434 4171 der
1452 4133 1513 4171 ver-

287 4210 409 4260 tretenen
428 4207 636 4275 Hauptansioht,
661 4208 686 4261 d.
705 4208 722 4259 i.
742 4208 791 4261 der
815 4207 956 4262 stoischen.
983 4239 1017 4247 -
1041 4207 1075 4260 ia
1098 4207 1206 4261 vocibus
1231 4207 1382 4276 occupator]
1403 4232 1435 4251 =
1455 4206 1514 4276 opi-

284 4297 351 4365 fiaes
369 4296 520 4363 verborum,
540 4296 775 4364 „Wortlrlauber“,
794 4296 844 4350 wie
864 4297 942 4351 Zeno.
962 4328 996 4336 —
1022 4298 1075 4353 lece
1094 4299 1186 4367 (λεῖον)
1267 4297 1404 4365 asperum]
1423 4297 1515 4349 deutet

287 4386 335 4439 aui
353 4385 396 4439 die
414 4385 500 4439 durch
517 4386 598 4455 glatte
617 4386 672 4439 und
690 4385 774 4440 rauhe
792 4389 888 4440 Atome
907 4386 1011 4454 (monci,
1032 4391 1063 4441 αἱ
1080 4393 1196 4459 ἄτομοι,
1215 4386 1386 4455 wrpmculo)
1404 4385 1515 4438 hervor-

284 4474 436 4543 geruienen
458 4475 535 4528 Lust·
559 4475 615 4528 und
633 4475 977 4545 Schmerzempiindungen.
1003 4508 1037 4516 ψ
1062 4475 1187 4530 oblivisci
1208 4474 1266 4544 sca]
1292 4490 1313 4528 s.
1333 4492 1366 4528 zu
1384 4477 1399 4544 ξ
1417 4477 1460 4531 31.
1480 4503 1516 4513 -

285 4570 346 4619 tum
426 4581 496 4630 cum,
515 4570 574 4618 ium
654 4566 727 4634 acm]
746 4564 945 4620 Parallelismus
964 4566 1013 4619 der
1031 4564 1104 4619 Kola

342 4657 395 4713 Cro.
410 4658 486 4712 Tusc.
500 4674 631 4712 orsrurnr.
661 4672 733 4711 ιιι-ν.
1268 4654 1304 4708 12
