3642 5225
749 497 806 552 ne.
824 497 873 567 rr,
892 514 915 552 ο.
934 499 1049 554 34-36.
1464 496 1518 559 12⁹

286 660 372 723 tione
401 661 569 742 tamquam
599 660 721 741 aegroti
749 678 813 724 non
843 660 1099 725 convalescentes
1133 678 1226 744 saepe
1257 661 1418 726 curandus
1450 662 1517 736 est3

285 767 384 830 etiam
412 785 493 831 novo
517 766 647 848 quidam
676 784 782 831 amore
805 768 947 831 veterem
976 784 1118 832 amorem
1140 769 1308 850 tamquam
1336 768 1425 832 olavo
1454 768 1562 833 ela-rs

287 892 364 937 vum
387 872 564 937 eiciendum
587 874 720 956 putant;
749 873 885 938 maxime
909 875 1019 938 autem
1042 873 1261 940 admonendus
1284 878 1344 953 est,
1376 877 1517 957 quantus

287 980 331 1044 sit
359 979 448 1044 furor
478 980 604 1044 amoris.
651 978 806 1045 Omnibus
837 980 922 1044 enim
952 999 990 1044 ex
1017 981 1116 1045 animi
1143 981 1437 1064 perturbationibus
1468 982 1518 1046 est

287 1086 427 1170 profecto
454 1088 544 1151 nulla
571 1087 802 1164 vehementior,
831 1089 884 1166 ut,
914 1088 942 1151 si
968 1087 1034 1153 iam
1060 1089 1130 1171 ipsa
1157 1088 1214 1152 illa
1245 1106 1395 1153 accusare
1426 1087 1518 1166 nolis,

288 1195 400 1276 stupra
422 1193 491 1258 dico
515 1197 548 1258 et
571 1194 767 1278 corruptelas
790 1196 823 1258 et
845 1193 1018 1271 adulteria,
1048 1194 1171 1259 incesta
1195 1194 1348 1276 denique,
1381 1213 1518 1277 quorum

287 1300 431 1382 omnium
454 1300 643 1365 accusabilis
667 1303 716 1365 est
731 1300 907 1384 turpitudo,
923 1338 968 1346 —
991 1301 1046 1365 sed
1069 1304 1108 1364 ut
1127 1302 1208 1366 haee
1231 1302 1370 1378 omittas,
1393 1302 1519 1384 pertur-

289 1407 374 1472 batio
397 1407 466 1491 ipsa
488 1407 605 1472 mentis
628 1408 662 1471 in
691 1426 798 1472 amore
821 1407 915 1472 foeda
939 1426 995 1491 per
1019 1426 1052 1472 se
1077 1410 1135 1473 est.
1181 1407 1267 1473 Nam
1290 1409 1328 1472 ut
1349 1408 1406 1472 illa
1428 1426 1562 1492 prae-rs

287 1516 423 1593 teream,
452 1533 533 1597 quae
557 1517 633 1579 sunt
655 1514 784 1593 furoris,
812 1515 891 1580 haec
913 1515 983 1598 ipsa
1006 1534 1063 1599 per
1086 1534 1156 1580 sese
1180 1534 1277 1598 quam
1300 1515 1421 1580 habent
1442 1515 1520 1580 levi·

289 1624 399 1700 tatem,
424 1641 505 1704 quae
528 1622 677 1687 videntur
700 1641 770 1686 esse
793 1622 974 1700 mediocria,

930 1747 1134 1825 Iniuriae,

404 1852 689 1935 Suspiciones,
712 1853 981 1931 inimicitiae,
1004 1853 1207 1931 indutiae,

403 1959 578 2037 Bellum,
615 1978 691 2043 pax
724 1960 903 2025 rursum!
956 1959 1123 2026 Incerta
1160 1961 1259 2026 haec
1298 1962 1333 2026 si
1369 1963 1413 2026 tu
1450 1961 1521 2044 po·

1094 2068 1229 2132 stules

403 2173 579 2239 Ratione
603 2177 718 2239 certa
741 2172 894 2253 ficere,
917 2174 1050 2239 nihilo
1074 2174 1166 2258 plrts
1190 2193 1304 2257 agas,

404 2279 530 2359 Quam
553 2281 589 2346 sl
612 2281 680 2346 des
704 2300 882 2364 operam,
905 2284 951 2346 ut
974 2281 1060 2346 cuim
1083 2281 1244 2347 ratione
1268 2279 1466 2346 instnias.

292 2414 381 2478 Haec
402 2415 616 2479 inconstantia
638 2416 902 2497 mutabilitasque
925 2415 1043 2480 mentis
1068 2433 1164 2496 quem
1187 2433 1251 2479 non
1274 2415 1345 2498 ipsa
1363 2415 1523 2498 pravitate

292 2521 476 2586 deterreat?
522 2522 581 2585 Est
604 2522 703 2586 etiam
724 2522 818 2600 illud,
849 2522 933 2604 quod
960 2523 993 2585 in
1021 2522 1107 2586 omni
1130 2523 1369 2605 perturbatione
1398 2522 1524 2601 dicitur,

293 2629 591 2706 demonstrandum,
618 2630 741 2694 nullam
765 2649 834 2694 esse
857 2630 920 2694 nisi
943 2630 1147 2713 opinabilem,
1170 2630 1232 2694 nisi
1254 2630 1372 2694 iudicio
1396 2648 1524 2714 suscep·

294 2738 371 2814 tam,
393 2736 456 2800 nisi
471 2737 693 2801 voluntariam
731 2737 859 2801 Etenim
882 2738 910 2801 si
925 2738 1082 2801 naturalis
1099 2756 1189 2802 amor
1210 2720 1305 2814 esset,
1330 2739 1363 2802 et
1379 2740 1524 2803 amarent

294 2861 405 2907 omnes
433 2846 465 2908 et
494 2862 620 2927 semper
648 2846 794 2908 amarent
816 2848 849 2908 et
871 2844 957 2909 idem
980 2846 1127 2909 amarent
1159 2863 1263 2926 neque
1292 2844 1392 2909 alium
1414 2844 1525 2927 pudor,

294 2950 394 3014 alium
419 2951 577 3033 cogitatio,
601 2951 700 3014 alium
723 2952 858 3015 satietas
882 2951 1067 3015 deterreret.

383 3058 438 3122 Ira
461 3077 544 3136 vero,
568 3076 649 3139 quae
673 3058 827 3139 quamdiu
849 3060 1018 3141 perturbat
1042 3059 1199 3136 animum,
1223 3058 1455 3124 dubitationem
1478 3059 1525 3122 in·
1535 3053 1580 3115 86

296 3165 404 3229 sanias
427 3165 626 3243 nonhabet,
657 3166 748 3230 ouius
770 3166 912 3247 impulsu
941 3165 1065 3230 exsist't
1093 3166 1190 3230 etiam
1214 3165 1298 3230 inter
1321 3165 1437 3231 fratres
1461 3141 1567 3232 tale⁷⁷

296 3290 453 3352 iurgium:

408 3386 450 3450 A.
486 3386 586 3466 Quls
615 3388 731 3452 homo
761 3390 800 3451 te
835 3387 1104 3471 exsupertvit
1137 3406 1311 3470 usquam
1342 3388 1527 3471 gentium

1098 3496 1369 3579 inpudentia?

409 3600 459 3665 M.
495 3599 593 3679 Quis
617 3602 752 3667 autem
773 3601 938 3667 malitia
960 3604 1022 3667 te?

372 3862 413 3902 re.
439 3849 514 3903 clavo
537 3850 655 3918 clevum]
680 3848 731 3902 wie
755 3848 792 3901 im
811 3848 1003 3903 Grieehisclren
1025 3853 1079 3921 ἥλῳ
1096 3850 1211 3919 (Pilock)
1236 3854 1372 3924 ἐκκρούειν
1390 3853 1438 3904 τὸν
1456 3846 1528 3917 ἧλον,

297 3936 359 3992 eine
376 3937 611 4006 hombcpathische
629 3938 689 3991 Kur
705 3937 879 3992 vomehmen.
898 3969 933 3977 -
951 3938 1127 4009 accusabilis]
1147 3940 1194 3994 das
1214 3939 1339 4008 Adjeltiv
1356 3954 1409 3991 nur
1426 3937 1493 3991 hier.

373 4040 413 4082 ra.
441 4026 577 4097 Iniuriae]
604 4042 651 4080 aus
676 4027 784 4081 Terenz'
804 4027 972 4094 „Eunuchus
981 4028 996 4058 “
1021 4029 1050 4097 Ι,
1076 4031 1107 4097 1,
1134 4029 1208 4084 rasi.
1234 4033 1270 4097 (v.
1295 4029 1355 4095 cau
1383 4027 1436 4096 vgl.
1462 4028 1531 4081 <lanu

299 4116 365 4169 Hor.
384 4117 432 4169 sat
451 4115 495 4172 ΙΙ.
519 4119 551 4182 3,
576 4118 694 4185 260sqq.
720 4147 753 4156 -
779 4133 843 4170 cum
864 4116 980 4187 ratione]
1001 4117 1175 4185 „rationell“.
1200 4149 1234 4157 -
1260 4116 1435 4186 opinabilem]
1461 4117 1532 4183 „auf

297 4204 599 4274 (Wahnovorstellung
621 4204 794 4273 beruhend“;
818 4221 840 4259 s.
864 4223 898 4259 zu
923 4207 1001 4274 §tia
1031 4238 1064 4247 —
1092 4207 1228 4277 copitalia]
1254 4208 1322 4274 „das
1341 4205 1530 4276 Nachdenlren,

300 4292 344 4348 die
362 4294 529 4347 Vemunft“.

373 4436 450 4504 hp.
469 4436 522 4493 36.
562 4450 603 4491 rr.
621 4436 819 4491 commearem
836 4454 892 4491 aaa
909 4437 996 4507 babet]
1017 4436 1161 4504 „schliesst
1178 4436 1275 4492 leinen
1294 4436 1404 4492 Zweifel
1421 4438 1468 4491 des
1486 4438 1531 4491 W.

300 4525 330 4578 in
343 4524 410 4593 sich,
423 4524 460 4580 ist
473 4525 650 4581 zweiiellos“.
677 4526 733 4581 Das
747 4526 872 4581 Pradilat
885 4543 919 4579 zu
932 4526 979 4581 irc
992 4525 1069 4580 fehlt.
1088 4556 1123 4566 —
1141 4526 1214 4581 inter
1226 4528 1336 4596 fratres]
1352 4528 1534 4599 Agamemnon

355 4615 410 4672 Cro.
423 4616 501 4671 Tuse.
515 4632 646 4671 u1aaursr.
680 4632 749 4671 m·v.
1303 4619 1319 4671 9
