3642 5225
690 1214 829 1280 LIBER
850 1213 1069 1292 QUARTUS

288 1365 366 1446 DE
389 1362 658 1463 suntquis
682 1362 859 1444 ANIMI
881 1358 1479 1442 PERTURBATIONIBUS.

687 1660 956 1726 ARGUMEN
963 1660 1085 1726 TUM.

358 1775 455 1833 Cicero
486 1774 520 1832 de
552 1791 652 1832 severa
679 1774 756 1832 vitae
785 1773 941 1846 disciplina
969 1773 1049 1846 apud
1075 1773 1186 1846 priscos
1214 1773 1358 1832 Romanos
1388 1771 1504 1829 usitata

268 1864 417 1938 praelatus
441 1863 582 1921 auditoris
606 1863 779 1921 sententiam
803 1863 933 1920 refellere
958 1863 1127 1936 adgreditur
1149 1861 1250 1933 „omni
1279 1860 1503 1935 perturbatione

268 1969 354 2027 posse
384 1952 545 2026 sapientem
576 1957 700 2011 vacare“
724 1952 867 2026 negantis.
913 1951 1043 2009 Primum
1071 1951 1165 2009 adfert
1192 1949 1421 2024 perturbationis
1450 1949 1504 2007 de-

269 2042 430 2100 finitionem
447 2041 573 2100 Stoicam
597 2043 778 2115 etquattuor
802 2041 864 2098 eius
888 2058 1003 2114 genera.
1045 2040 1297 2100 Perturbationem
1313 2039 1398 2110 Zeno,
1424 2039 1504 2097 Stoi-

271 2148 368 2190 corum
383 2131 528 2205 princepe,
553 2131 665 2189 dixerat
685 2148 815 2190 aversam
838 2147 856 2187 a
878 2132 958 2187 recta
980 2129 1091 2187 ratione
1115 2135 1293 2202 naturaeque
1308 2128 1505 2202 incongruam

271 2220 359 2278 animi
382 2220 611 2279 commotionem.
652 2220 754 2278 Partes
778 2220 875 2277 autern
897 2218 1148 2292 perturbationum
1173 2219 1246 2277 duae
1271 2235 1304 2276 ex
1327 2216 1414 2276 bonis
1439 2217 1504 2290 opi-

271 2308 349 2366 natis
372 2311 581 2381 memorantur,
610 2308 723 2367 laetitia
747 2310 775 2365 et
796 2307 903 2378 libido,
935 2307 1009 2365 duae
1039 2325 1072 2365 ex
1100 2307 1240 2367 malorum
1269 2323 1375 2378 errore,
1406 2305 1505 2380 aegri-

270 2398 341 2455 tudo
367 2400 395 2455 et
417 2400 521 2470 metus,
544 2398 638 2471 iisque
662 2397 787 2471 singulis
809 2396 1078 2470 perturbationibus
1102 2414 1171 2455 suae
1194 2399 1292 2470 partes
1316 2395 1505 2454 subiciuntur

272 2504 334 2560 cap.
360 2491 464 2547 4-9.
509 2487 638 2559 Deinde,
668 2503 724 2560 quo
754 2486 837 2545 modo
865 2486 931 2560 ipsa
953 2486 1132 2560 perturbatio
1162 2486 1198 2544 ab
1223 2485 1420 2559 aegrotatione
1450 2501 1505 2543 seu

273 2575 371 2635 morbo
396 2575 518 2648 differat,
543 2579 668 2650 atquae
692 2575 784 2635 sitin
807 2576 863 2635 hoc
887 2593 991 2650 genere
1016 2575 1104 2634 animi
1129 2577 1157 2635 et
1180 2574 1307 2649 corporis
1331 2573 1505 2647 similitudo,

273 2665 436 2723 ostenditur
459 2682 521 2739 cap.
540 2672 678 2727 10—14.
717 2666 790 2723 Tum
814 2665 973 2723 secundum
996 2665 1161 2724 institutam
1184 2664 1384 2738 quaestionem
1404 2663 1506 2723 brevis

273 2753 416 2812 subicitur
433 2754 638 2814 demonstratio
653 2754 901 2828 perturbationem
919 2771 983 2812 cum
999 2754 1143 2829 sapientia
1159 2754 1316 2813 consistere
1332 2770 1391 2812 non
1406 2770 1506 2827 posse,

272 2842 362 2917 longa
385 2845 481 2902 autem
505 2843 663 2918 disputatio
688 2845 788 2903 contra
810 2842 1038 2917 Peripateticos,
1071 2843 1121 2917 qui
1144 2843 1378 2917 perturbationes
1401 2859 1506 2901 neces·

274 2932 365 2991 sarias
395 2950 473 3005 esse,
503 2933 650 2991 naturales
680 2932 825 3005 utilesque
854 2932 1033 2991 contendunt
1060 2950 1114 2991 nec
1144 2933 1288 2992 tollendas
1318 2930 1445 3005 sapienti
1476 2934 1508 2989 et

275 3022 491 3095 exstirpandas,
521 3022 574 3080 sed
603 3022 776 3081 coercendas
807 3024 836 3079 et
862 3022 1054 3080 moderandas
1084 3023 1218 3080 statuunt
1240 3022 1315 3097 (cap.
1343 3022 1508 3097 15—26).

273 3110 358 3169 Hanc
382 3111 490 3186 excipit
513 3111 653 3185 expositio
678 3112 713 3169 de
736 3110 987 3185 perturbationum
1010 3111 1174 3184 curatione,
1199 3129 1289 3185 eaque
1314 3110 1429 3168 diversa
1451 3127 1506 3183 pro

275 3200 389 3258 diversa
404 3200 655 3274 perturbationum
679 3202 790 3259 natura.
829 3200 864 3257 In
880 3201 1018 3273 quattuor
1041 3202 1137 3258 autem
1153 3199 1421 3274 perturbationibus
1445 3198 1508 3257 illis

275 3289 413 3347 sedandis
441 3291 486 3347 est
513 3307 547 3347 ea
570 3289 709 3347 distincta
736 3289 825 3347 ratio:
855 3288 985 3347 Primum
1012 3290 1109 3347 utrum
1137 3290 1174 3347 ad
1203 3290 1367 3348 universam
1390 3289 1509 3361 pertur-

274 3377 430 3450 bationem,
446 3380 593 3451 tamquam
609 3378 829 3452 aegritudinem,
851 3378 1002 3449 laetitiam,
1026 3396 1064 3436 an
1085 3378 1123 3436 ad
1143 3378 1275 3453 singulas
1291 3377 1322 3435 id
1338 3379 1383 3435 est
1397 3376 1509 3435 formas

275 3465 433 3539 generibus
461 3466 623 3539 subiectas,
653 3466 841 3539 adhibeatur,
872 3466 976 3525 deinde
1000 3470 1098 3525 utrum
1124 3468 1194 3526 mali
1217 3466 1322 3527 bonive
1346 3465 1444 3540 opinio
1469 3483 1510 3523 an

275 3555 341 3628 ipsa
364 3554 480 3614 omnino
503 3555 682 3629 perturbatio
706 3556 835 3616 tollatur.
884 3555 942 3614 Sed
965 3558 1072 3615 certam
1096 3559 1126 3615 et
1147 3557 1294 3631 propriam
1324 3554 1510 3613 sanationem

278 3660 355 3715 esse,
385 3644 411 3701 si
438 3643 542 3703 doceas
568 3644 649 3718 ipsas
677 3644 911 3717 perturbationes
934 3662 987 3718 per
1015 3662 1045 3703 se
1074 3663 1137 3704 esse
1165 3646 1285 3705 vitiosas
1317 3661 1370 3703 nec
1398 3644 1510 3701 habere

278 3732 432 3805 quicquam
455 3735 507 3791 aut
521 3733 653 3791 naturale
676 3736 727 3791 aut
742 3733 946 3792 necessarium.
985 3734 1115 3793 Alteram
1138 3736 1235 3793 autem
1257 3733 1408 3805 rationem,
1433 3749 1510 3805 quae

277 3821 365 3879 simul
388 3822 553 3895 opinionem
575 3822 646 3881 boni
669 3825 721 3881 aut
743 3822 812 3881 mali
835 3822 928 3895 tollat,
953 3839 1016 3881 esse
1039 3823 1120 3881 illam
1136 3823 1253 3897 quidem
1277 3822 1432 3893 utiliorem,
1456 3822 1512 3879 ssd

278 3928 341 3970 raro
364 3911 503 3985 proficere
527 3928 620 3984 neque
646 3929 708 3970 esse
732 3912 771 3970 ad
792 3912 899 3985 vulgus
923 3912 1127 3972 adhibendam.
1173 3913 1246 3971 Esse
1270 3912 1357 3971 etiam
1380 3910 1433 3968 ubi
1457 3910 1512 3968 ad·

278 3999 373 4058 hiberi
395 4001 482 4075 plane
505 4017 564 4059 non
586 4001 687 4074 possit,
712 4001 790 4074 quod
813 4018 868 4072 res,
892 4018 967 4073 qnae
989 4002 1141 4074 perturbet
1163 4001 1300 4073 animum,
1323 4017 1354 4059 re
1378 4016 1448 4058 vera
1471 3999 1513 4057 sit

277 4089 356 4149 bona
378 4091 430 4147 aut
452 4090 544 4162 mala,
575 4092 609 4147 ut
631 4090 657 4148 si
681 4090 746 4163 quis
770 4107 856 4163 aegre
879 4090 954 4148 ferat
976 4089 1050 4149 nihil
1072 4090 1104 4148 in
1128 4108 1159 4149 se
1184 4107 1246 4149 esse
1270 4088 1403 4159 virtutis,
1434 4087 1513 4145 nihil

279 4176 376 4249 animi,
399 4178 475 4236 nihil
498 4178 600 4251 officii,
623 4178 699 4237 nihil
721 4177 883 4237 honestatis
906 4180 982 4253 (cap.
1008 4185 1058 4252 27,
1083 4181 1147 4255 28).
1192 4178 1316 4252 Reliqua
1340 4176 1513 4251 disputatio,

280 4282 336 4338 quo
360 4268 445 4327 modo
470 4269 606 4340 quattuor
628 4268 686 4326 ista
709 4285 817 4342 genera
839 4267 969 4325 tollenda
992 4268 1060 4340 sint,
1085 4269 1170 4328 docet
1191 4268 1267 4343 (cap.
1293 4268 1446 4343 29-38).
