3642 5225
345 527 382 588 96
743 525 950 582 Tusculanarum
970 525 1179 596 disputationum

347 710 519 776 pravarum
542 691 725 774 opinionum
748 689 948 755 conturbatio
976 690 1009 754 et
1030 689 1173 772 ipsarum
1196 689 1280 754 inter
1302 707 1336 753 se
1364 687 1581 771 repugnantia

347 799 485 863 sanitate
509 799 624 882 spoliat
647 798 791 862 animum
813 797 995 878 morbisque
1011 797 1188 880 perturbat
1223 796 1269 859 llx
1283 794 1580 879 perturbationibus

348 907 457 970 autem
486 906 627 988 primum
659 905 763 969 morbi
797 903 1022 982 conficiuntur,
1057 922 1138 985 quae
1172 904 1288 969 vocant
1318 903 1366 966 illi
1398 902 1580 990 νοσήματα,

347 1030 457 1095 eaque,
481 1031 563 1095 quae
587 1015 664 1076 sunt
687 1013 732 1077 eis
755 1012 874 1076 morbis
898 1013 1066 1089 contraria,
1091 1030 1171 1093 quae
1189 1011 1310 1076 habent
1334 1010 1449 1074 adres
1474 1010 1581 1075 certas

347 1119 496 1184 vitiosam
519 1118 724 1184 offensionem
747 1122 844 1202 atque
867 1118 1046 1196 fastidium,
1078 1118 1191 1184 deinde
1215 1117 1465 1200 aegrotationes,
1497 1134 1581 1199 quae

351 1227 553 1310 appellantur
583 1245 603 1291 a
634 1227 748 1292 Stoicis
778 1225 1032 1314 ἅῤῥωστήματα,
1063 1227 1177 1307 hisque
1206 1225 1284 1290 item
1313 1224 1476 1308 oppositae
1506 1242 1581 1287 con·

349 1333 466 1398 1166166
490 1333 686 1398 offensiones.
727 1333 797 1398 Hoc
812 1334 880 1397 loco
903 1334 1039 1396 nimium
1062 1351 1174 1415 operae
1197 1332 1397 1396 consumitur
1420 1330 1580 1408 aStoicis,

347 1441 485 1506 maxime
509 1441 789 1524 achrysippo,
814 1441 891 1504 dum
915 1441 1033 1504 morbis
1050 1459 1216 1522 corporum
1233 1440 1436 1521 comparatur
1455 1438 1581 1502 morbo·

348 1567 422 1612 rum
438 1549 536 1613 animi
552 1547 736 1613 similitudo.
769 1545 841 1626 Qua
856 1548 997 1611 oratione
1014 1548 1240 1630 praetermissa
1255 1547 1385 1610 minime
1400 1544 1581 1610 necessaria

306 1672 337 1715 ae
350 1673 400 1732 ea,
433 1674 514 1737 quae
545 1674 614 1720 reru
642 1654 820 1731 continent,
850 1655 1093 1736 pertractemus
1138 1652 1351 1734 Intellegatur
1381 1653 1480 1735 igitur
1510 1670 1581 1734 per·

350 1763 565 1826 turbationem
587 1761 781 1826 iaotantibus
805 1780 839 1825 se
868 1761 1066 1844 opinionibus
1094 1761 1312 1824 inconstanter
1341 1762 1374 1824 et
1396 1759 1523 1824 turbide
1545 1759 1581 1822 16

350 1871 440 1932 6616
464 1887 533 1933 6666
557 1887 700 1951 semper;
725 1887 798 1932 cum
823 1871 933 1932 autam
956 1869 1008 1932 bie
1030 1867 1134 1932 fervor
1157 1867 1387 1949 concitatioque
1412 1867 1510 1930 animi
1532 1867 1581 1930 in·

350 1977 506 2039 veteravit
533 1977 566 2040 et
589 1978 756 2057 tamquam
779 1976 812 2039 in
836 1975 924 2040 venis
952 1976 1165 2057 medullisque
1183 1975 1325 2051 insedit,
1355 1976 1427 2037 tum
1456 1973 1581 2037 exsistit

351 2085 384 2146 et
406 2084 536 2147 morbus
560 2084 592 2147 et
616 2085 790 2165 aegrotatio
815 2085 848 2147 et
870 2081 1058 2147 offensiones
1083 2101 1155 2157 eae,
1187 2100 1268 2163 quae
1293 2083 1370 2146 suut
1393 2081 1438 2145 eis
1461 2080 1580 2144 morbis

351 2191 684 2271 aegrotationibusque
708 2191 894 2254 contrariae.

298 2299 339 2360 ll
439 2296 543 2373 Haec,
574 2315 655 2377 quae
684 2296 769 2373 dico,
801 2297 991 2378 cogitatione
1019 2297 1103 2360 inter
1130 2315 1164 2360 se
1193 2295 1358 2372 differunt,
1387 2314 1422 2359 re
1451 2295 1581 2376 quidem

352 2403 500 2484 copulata
522 2405 607 2480 sunt,
631 2422 731 2484 eaque
755 2405 902 2466 oriuntur
925 2423 963 2467 ex
981 2403 1110 2468 libidine
1134 2406 1167 2467 et
1182 2422 1219 2467 ex
1234 2404 1367 2468 laetitia.
1405 2401 1490 2466 Nam
1506 2420 1581 2466 cum

352 2511 401 2573 est
424 2511 592 2593 concupita
614 2511 749 2592 pecunia
772 2530 831 2575 nec
855 2511 997 2575 adbibita
1020 2512 1169 2575 continuo
1199 2511 1280 2574 ratio
1305 2510 1399 2592 quasi
1423 2509 1582 2591 quaedam

353 2617 515 2682 Socratica
545 2617 718 2696 medicina,
750 2637 831 2700 quae
855 2622 984 2683 sanaret
1007 2638 1078 2683 eam
1101 2619 1325 2702 cupiditatem,
1356 2618 1524 2701 permanat
1546 2616 1581 2680 in

351 2742 448 2787 venas
477 2728 510 2789 et
531 2724 677 2789 inhaeret
704 2725 738 2788 iu
762 2726 935 2790 visceribus
962 2726 1043 2790 illud
1066 2726 1203 2803 malum,
1234 2725 1421 2806 exsistitque
1448 2724 1580 2788 morbus

352 2831 385 2894 et
414 2831 604 2912 aegrotatio,
635 2849 716 2912 quae
748 2832 841 2895 evelli
867 2832 1046 2896 inveterata
1073 2851 1137 2896 nou
1164 2835 1316 2914 possunt,
1347 2832 1439 2913 eique
1470 2830 1580 2894 morbo

307 2953 465 3000 nonomen
490 2938 540 3001 est
563 2938 761 3013 avaritia3
786 2939 996 3021 similiterque
1020 2940 1117 3004 ceteri
1137 2939 1247 3016 morbi,
1270 2941 1308 3001 ut
1332 2938 1488 3019 gloriae
1513 2956 1582 3002 cu·

351 3043 523 3125 piditas,
545 3046 583 3108 ut
605 3045 911 3124 mulierositas,
933 3049 970 3110 ut
993 3047 1039 3111 ita
1062 3047 1221 3130 appellem
1243 3064 1328 3123 earn,
1353 3063 1434 3127 quoe
1458 3043 1580 3109 Graece

349 3272 458 3325 nungen
485 3257 533 3311 des
558 3258 723 3311 zerriitteten
746 3257 842 3311 Isibes
868 3259 924 3311 und
952 3258 1040 3312 denen
1064 3258 1113 3311 der
1138 3258 1302 3311 zerriittetsn
1327 3256 1403 3311 Seele
1431 3253 1579 3324 mitgeteilt

352 3344 445 3400 cicero
464 3345 510 3399 hat
528 3345 575 3398 ibn
593 3346 765 3400 hinsiehtlich
782 3347 831 3401 der
844 3347 929 3415 Seele,
948 3347 1109 3415 6616616166,
1128 3363 1158 3401 sc
1176 3347 1288 3415 geialstz
1308 3348 1363 3400 bus
1382 3346 1443 3399 dem
1457 3343 1581 3399 Konflilrt

351 3433 402 3485 der
417 3433 708 3504 Wabnvorstelluugcn
735 3435 869 3505 (ialscben
895 3436 1012 3503 Urteile)
1039 3437 1180 3491 entsteheu
1206 3435 1389 3491 Krankheiten
1415 3438 1581 3507 (νοσήματα,

349 3521 451 3588 morbi)
468 3523 524 3575 und
541 3523 762 3579 Schwachheiteu
780 3529 1001 3600 (ἀρρωστήματα,
1020 3525 1239 3595 6696166666),
1258 3524 1301 3579 die
1319 3522 1502 3578 Kranlrheiten
1520 3522 1581 3576 siud

350 3611 508 3666 kranlrbafte
527 3612 578 3666 Zu·
597 3613 662 3666 oder
680 3613 875 3683 Abneigungen
893 3615 1082 3684 (offensiones),
1102 3614 1198 3670 866161-
1217 3614 1282 3668 oder
1299 3612 1579 3679 Scbeulrraulrheiten3

349 3699 459 3754 libulich
477 3700 536 3755 sind
554 3702 598 3755 die
617 3701 853 3771 Sebwachbeiten,
877 3704 921 3757 die
939 3707 1019 3758 uuter
1036 3703 1111 3758 einer
1128 3704 1259 3773 gewissen
1277 3702 1515 3769 Herabstimmung
1532 3701 1581 3755 des

350 3788 540 3844 Seelenlebens
558 3790 616 3845 sich
634 3791 804 3861 entwiclreln,
829 3792 890 3847 teils
908 3792 1073 3847 Schwbcheu
1090 3794 1148 3861 fiir,
1174 3792 1234 3847 teils
1252 3808 1337 3862 gagen
1355 3791 1466 3861 gewisss
1484 3790 1580 3860 Dinge.

350 3878 400 3933 Bei
418 3879 471 3933 den
488 3884 635 3954 νοσήματα
659 3881 797 3935 bestimmt
815 3882 874 3936 6166
892 3882 999 3951 opinio,
1025 3882 1068 3936 die
1087 3883 1135 3937 das
1153 3880 1241 3937 Urteil
1259 3882 1348 3949 trubt,
1373 3881 1421 3934 das
1439 3880 1582 3948 Begehren

350 3968 415 4022 oder
428 3968 650 4038 Verabscbeuen,
668 3969 698 4022 in
716 3971 768 4024 den
787 3974 990 4046 ἀρρωστήματα
1008 3974 1066 4041 sagt
1084 3972 1144 4026 dem
1158 3971 1284 4025 Kranlren
1303 3970 1362 4025 sein
1380 3970 1516 4039 beiragter
1529 3970 1581 4023 Zu-

349 4058 428 4112 stand
446 4060 534 4126 (ἕξις);
553 4059 620 4127 ,,Ι)6
638 4060 737 4114 661161ιι
763 4061 827 4115 oder
845 4062 911 4129 ,,Ι)6
930 4062 1016 4115 darist
1033 4061 1141 4116 nicht“.
1178 4061 1258 4116 Diese
1276 4059 1379 4130 opinio,
1405 4058 1448 4113 116
1466 4073 1515 4113 aus
1533 4058 1583 4113 der

349 4162 404 4200 von
423 4148 511 4202 einem
529 4148 606 4203 ’.1661)
625 4149 819 4218 geknechteten
838 4150 915 4205 Seele
935 4151 1096 4221 eutspringt,
1120 4151 1156 4205 ist
1173 4151 1222 4205 der
1239 4150 1313 4204 ratio
1331 4147 1525 4203 versohlossen.
1546 4180 1581 4188 -

349 4252 406 4303 quc
418 4236 550 4307 matrona]
565 4237 660 4305 „disse
673 4239 858 4309 Ausfiihrung,
872 4240 1036 4309 Ertrterung
1050 4240 1156 4295 solcher
1168 4239 1255 4309 Dinge
1264 4243 1288 4293 “.
1308 4270 1342 4278 -
1361 4254 1419 4293 rem
1431 4236 1581 4308 contineat]

351 4324 556 4393 „gnmdlegeud
575 4326 642 4395 sind,
661 4328 709 4382 das
726 4327 828 4383 Wesen
847 4329 1041 4383 ausmacben‘t

422 4465 500 4536 Kap.
522 4470 574 4527 11.
613 4482 654 4525 aa.
680 4489 709 4525 re
727 4471 845 4543 quadem]
866 4472 917 4543 ,,16
934 4474 983 4528 der
1000 4472 1199 4540 Wirlrlicblreit,
1223 4472 1261 4526 im
1279 4471 1434 4526 wirklichen
1452 4470 1582 4539 Leben“;

269 4551 1172 4695 wdcrmyt—pemmnoqvgluuwbdelcototeb.
