3642 5225
321 494 382 579 ,m
724 517 934 572 Tusculanarum
952 517 1159 586 disputationum

329 682 420 746 annis
444 683 516 765 post
539 680 615 758 suit,
644 681 877 745 Archimedem.
924 680 1023 745 Cuius
1052 699 1109 761 ego
1135 682 1284 762 quaestor
1306 680 1498 762 ignoratum
1530 683 1576 746 ab

330 788 549 871 Syracusanis,
572 807 645 852 cum
661 806 731 852 esse
747 789 874 852 omuino
889 789 1052 870 negarent,
1077 789 1224 870 saeptum
1243 787 1382 869 undique
1407 791 1441 852 et
1468 788 1577 852 vesti·

327 897 399 959 tum
419 895 568 978 vepribus
589 898 622 960 et
638 894 777 959 dumetis
792 895 942 977 indagavi
958 895 1149 978 sepulcrum.
1187 895 1345 959 Tenebam
1362 896 1448 960 enim
1469 915 1572 978 quos-

328 1002 403 1066 dam
419 1001 601 1080 senariolos,
625 1021 704 1084 quos
727 1002 760 1065 in
784 1003 852 1066 eius
870 1004 1077 1066 monumento
1094 1020 1163 1066 esse
1178 1001 1348 1086 inscriptos
1365 1020 1575 1086 acceperam,

330 1109 385 1191 qui
412 1108 618 1173 declarabant
645 1110 678 1172 in
707 1127 832 1173 summo
861 1109 1006 1192 sepulcro
1030 1109 1198 1192 sphaeram
1227 1127 1296 1173 esse
1325 1109 1463 1191 positam
1490 1129 1570 1174 curn

286 1216 480 1299 escylindro.
525 1216 593 1298 Ego
621 1218 731 1281 autem
758 1235 832 1281 cum
860 1216 967 1280 omnia
995 1216 1226 1280 conlustrarem
1256 1215 1355 1280 oculis
1386 1215 1451 1299 (est
1478 1218 1572 1281 enim

330 1322 370 1386 ad
397 1325 505 1406 portas
528 1324 763 1406 Agragantinas
791 1341 908 1406 magna
936 1322 1116 1404 frequentia
1140 1321 1384 1406 sepulcrorum),
1415 1323 1571 1388 animum

330 1429 453 1494 adverti
477 1431 680 1495 columellam
702 1449 766 1494 non
789 1431 931 1495 multum
954 1449 971 1494 e
995 1429 1101 1494 dumis
1126 1429 1333 1505 eminentem,
1362 1430 1395 1493 iu
1424 1448 1493 1511 qua
1517 1431 1571 1494 in·

329 1540 399 1602 erat
422 1539 576 1622 sphaerae
606 1537 708 1620 figura
738 1539 770 1601 et
800 1536 943 1619 cylindri.
989 1537 1095 1618 Atque
1126 1555 1184 1619 ego
1213 1536 1324 1600 statim
1348 1535 1573 1619 Syracusanis

329 1645 435 1728 (erant
453 1647 563 1709 autem
578 1645 736 1728 principes
751 1642 891 1727 meeum)
916 1643 980 1707 dixi
1002 1663 1054 1708 me
1077 1643 1156 1707 illud
1179 1643 1286 1727 ipsum
1310 1644 1458 1708 arbitrari
1484 1663 1571 1722 esse,

330 1751 414 1833 quod
438 1770 633 1833 quaererem.
677 1751 820 1815 Immissi
843 1770 917 1816 cum
940 1750 1074 1816 falcibus
1098 1750 1192 1814 multi
1219 1754 1399 1834 purgarunt
1426 1754 1459 1814 et
1491 1771 1574 1835 ape·
1644 1832 1645 1835 Ἴ

286 1861 465 1922 caruerunt
487 1859 602 1922 locum.
649 1856 718 1937 Quo
746 1877 820 1923 cum
848 1858 1031 1941 patefactus
1059 1860 1145 1922 esset
1173 1857 1293 1933 aditus,
1323 1857 1363 1921 ad
1391 1857 1569 1923 adversam

329 1965 433 2030 basim
456 1965 658 2030 accessimus.
695 1966 880 2049 Apparebat
895 1965 1092 2049 epigramma
1115 1965 1216 2030 exesis
1240 1964 1465 2048 posterioribus
1492 1985 1571 2048 par·

330 2072 417 2137 tibus
439 2073 669 2138 versiculorum
693 2073 865 2137 dimidiatis
888 2072 963 2137 fere.
1008 2072 1062 2136 Ita
1089 2072 1287 2137 nobilissima
1310 2071 1463 2136 Graeciae
1489 2073 1573 2137 civi-

331 2183 396 2257 tas,
427 2179 587 2261 quondam
615 2199 690 2244 vero
719 2180 816 2244 etiam
845 2179 1043 2256 doctissima,
1074 2179 1125 2243 sui
1152 2179 1229 2244 civis
1260 2180 1355 2243 unius
1384 2179 1573 2245 acutissimi

331 2288 576 2351 monumentum
600 2287 787 2369 ignorasset,
809 2287 871 2350 nisi
895 2286 934 2350 ab
958 2287 1086 2351 homine
1109 2287 1263 2369 Arpinate
1287 2286 1458 2351 didicisset.
1502 2287 1569 2352 Sed

333 2393 457 2470 redeat,
487 2394 571 2458 uude
595 2394 755 2459 aberravit
778 2394 887 2458 oratio.
934 2392 1012 2473 Quis
1037 2395 1086 2457 est
1109 2394 1264 2471 omnium,
1294 2394 1348 2476 qui
1370 2393 1464 2458 modo
1490 2414 1571 2459 cum

333 2589 385 2643 den
410 2586 602 2643 Tctenomlreln
627 2588 846 2661 (νεκυομαντεῑα)
874 2587 939 2642 oder
964 2587 1016 2641 wie
1044 2587 1093 2641 der
1119 2587 1251 2642 rbmische
1277 2586 1367 2642 Soldat
1390 2588 1442 2641 den
1467 2585 1571 2643 Archi·

333 2678 425 2732 medes
457 2692 505 2730 aus
536 2677 626 2730 seiner
657 2677 817 2746 Vertieiung
848 2676 876 2729 in
908 2677 951 2731 die
982 2677 1201 2731 Forscherarbeit
1230 2677 1347 2745 wechte3
1379 2676 1432 2745 vgl.
1458 2678 1509 2745 IV,
1537 2680 1574 2734 5:

335 2766 456 2835 „scholis
480 2766 620 2820 excitati“.
643 2796 679 2804 —
702 2765 888 2835 Archimedes]
915 2768 1087 2834 (aar-212)
1110 2765 1257 2820 behleidete
1279 2765 1340 2819 hein
1358 2768 1434 2833 Amt,
1461 2766 1571 2822 obwohl

335 2873 365 2910 er
382 2856 432 2909 mit
449 2856 537 2925 Kdnig
554 2855 638 2909 Hiero
656 2856 794 2909 verwandt
810 2871 880 2922 war3
905 2854 992 2908 durch
1015 2855 1089 2908 seine
1108 2854 1245 2910 Schriften
1263 2855 1331 2909 iiber
1349 2856 1443 2923 Kre'rs,
1469 2856 1575 2926 Kugel,

335 2945 505 3014 Spirallinien
524 2962 550 2998 u.
565 2961 588 2998 a
607 2944 643 2998 ist
661 2960 691 2998 er
709 2944 783 2997 einer
801 2945 849 2998 der
867 2943 1136 2998 allerberiihmtesten
1149 2944 1354 2999 Mathematilrer
1366 2945 1519 3014 geworden.
1536 2977 1573 2986 -

339 3036 426 3092 (luins
443 3054 489 3105 ego
568 3036 733 3104 sepulerum]
757 3033 908 3103 geschichte
926 3034 1191 3103 Ineinanderiiigung
1215 3034 1299 3088 durch
1318 3034 1362 3088 die
1380 3033 1502 3102 Stellung
1522 3035 1576 3090 der

336 3126 446 3179 Worte:
473 3124 558 3193 „Sein
577 3124 648 3179 Grab
672 3124 740 3178 habe
763 3124 807 3177 ich
832 3124 871 3178 als
890 3122 1004 3191 Quistor
1022 3155 1056 3163 -
1075 3124 1118 3177 die
1137 3122 1321 3192 Syralrusaner
1337 3124 1454 3177 wulsten
1478 3123 1576 3179 niehts

336 3232 389 3269 scu
412 3215 499 3268 ihm“.
540 3203 616 3268 slber
639 3213 699 3267 sein
716 3212 874 3267 Monument
897 3228 918 3267 s.
939 3212 996 3267 Liv.
1014 3213 1104 3279 XXV,
1123 3216 1172 3280 31,
1193 3216 1226 3268 10
1253 3212 1405 3281 (Marcellus
1431 3211 1493 3267 licis
1522 3212 1575 3267 ihu

337 3304 474 3357 ehrenvoll
498 3303 649 3371 bestatten).
674 3334 708 3343 -
733 3303 866 3372 quaestor]
893 3302 930 3354 im
955 3302 1037 3357 Jahre
1056 3305 1091 3359 75
1109 3320 1134 3355 v.
1154 3302 1232 3371 Chr.;
1257 3302 1350 3356 scinen
1369 3302 1467 3356 Posten
1492 3300 1575 3357 hatte

337 3394 431 3450 Cicero
448 3392 524 3446 nicht
541 3392 569 3444 iu
587 3391 712 3461 Syrakus,
731 3393 847 3446 sondcrn
864 3392 893 3445 in
911 3391 1053 3461 Lilybium
1071 3391 1143 3446 heim
1161 3392 1256 3446 Pra'tor
1274 3391 1348 3446 Sext.
1366 3392 1515 3446 Peduciius.
1537 3423 1574 3432 -

341 3482 478 3551 mium]
497 3481 547 3534 mit
560 3482 615 3534 und
629 3481 699 3536 ohne
712 3481 846 3535 memcrie
860 3483 974 3550 „wulste
989 3481 1172 3550 auswendig“.
1192 3512 1224 3521 —
1244 3481 1403 3549 senariolos]
1423 3479 1578 3535 iambisehe

338 3570 520 3626 Seohsiiiisler
537 3570 632 3639 (seni);
657 3570 805 3624 Diminutiv
826 3571 1046 3640 geringschlitzig.
1070 3602 1103 3610 -
1128 3570 1274 3640 sphaeram
1353 3586 1417 3624 cum
1435 3569 1578 3641 cylindro]

339 3662 390 3716 wie
408 3660 707 3730 zusammengemacht?

412 3765 453 3806 aa.
473 3749 685 3819 Agragantinas]
705 3766 738 3803 an
757 3750 806 3803 der
823 3748 925 3804 Strasse
944 3749 1013 3803 nach
1032 3749 1150 3817 Akragas
1168 3748 1361 3817 (Agrigentum,
1381 3745 1522 3814 Girgenti).
1540 3781 1577 3791 -

338 3840 432 3909 falces]
453 3839 664 3907 „Reilshaken“.
684 3870 718 3878 —
736 3838 831 3907 multe]
850 3838 918 3892 lline
935 3838 1024 3907 grosse
1041 3836 1137 3905 Menge
1155 3851 1212 3890 war
1229 3834 1310 3903 ndtig,
1329 3850 1421 3901 wegen
1439 3834 1488 3886 der
1501 3837 1578 3891 Ver.

339 3929 489 3997 wilderuug
502 3929 550 3982 der
563 3928 724 3998 Umgebung
736 3929 784 3981 des
798 3927 906 3982 Grabcs.
921 3957 955 3966 -
973 3930 1138 3995 aperuerant
1156 3925 1254 3993 lecum]
1273 3922 1325 3977 wie
1339 3929 1447 3990 terram
1465 3931 1578 3992 geatam

340 4036 455 4087 aperire.

414 4121 455 4163 ss.
475 4107 617 4160 adversam
635 4106 735 4175 basim]
753 4105 805 4158 wic
822 4105 934 4158 adverso
948 4108 1059 4173 pectore.
1078 4135 1113 4143 -
1131 4102 1226 4173 mass]
1246 4102 1331 4156 durch
1349 4102 1393 4156 die
1411 4104 1578 4171 Atmosphii·

341 4196 420 4250 rilien
439 4196 679 4264 „ausgefressen“,
697 4193 749 4263 rgl
769 4208 852 4247 unser
870 4192 967 4260 „Zahn
985 4194 1033 4247 der
1050 4192 1138 4247 scits.
1152 4224 1186 4232 -
1205 4191 1339 4247 saisieris
1357 4189 1454 4259 unice]
1474 4191 1579 4258 „eines

342 4285 415 4338 ihrer
434 4288 501 4339 ..,“.
529 4316 562 4324 -
588 4284 622 4338 ab
639 4282 750 4337 lrcmine
767 4282 912 4351 Arpinate]
937 4282 1013 4336 nicht
1030 4282 1099 4337 ohne
1117 4281 1204 4350 Stolz,
1229 4282 1264 4335 da
1282 4298 1343 4335 man
1361 4281 1417 4333 ihm
1435 4280 1579 4337 bisweilcn

342 4373 386 4427 dic
404 4373 540 4427 Herlunit
558 4390 606 4427 aus
625 4374 700 4426 einer
716 4370 941 4426 Provinzialstadt
959 4388 1020 4425 zum
1039 4372 1166 4426 Vorwuri
1183 4370 1307 4440 gemacht
1324 4369 1378 4423 hat.
1416 4368 1507 4438 „Quid
1525 4368 1578 4424 ho-

342 4461 409 4515 mini
422 4462 544 4531 Arpinati
559 4478 620 4516 oum
634 4461 714 4528 Baiis,
733 4461 831 4530 agresb'
845 4477 876 4515 ac
890 4460 1034 4515 rustico?“
1053 4460 1117 4530 (Cic.
1131 4460 1159 4513 iu
1172 4460 1246 4516 clod.
1259 4462 1285 4526 4,
1299 4460 1335 4527 2).
1351 4490 1383 4498 -
1405 4457 1457 4511 Sed
1473 4458 1578 4530 redeat]

342 4551 466 4621 hiuiiger
483 4551 590 4606 Schluls
614 4553 663 4605 der
679 4551 820 4620 digressio.
846 4583 880 4591 -
905 4550 969 4620 quis
992 4555 1031 4605 est
1049 4591 1056 4603 .
1072 4591 1077 4603 .
1094 4591 1099 4603 .
1119 4549 1170 4619 qeee'
1189 4548 1304 4617 mclii]
1324 4546 1489 4615 Konjunktiv
1508 4546 1578 4601 hon-
