3642 5225
323 551 375 612 loa
719 551 928 606 Tusoirlanarum
945 549 1153 619 disputationum

322 717 467 799 potes?
504 752 546 761 —
580 714 704 778 Nullo
726 714 849 779 modo.
882 750 923 760 -
958 714 1013 778 Tu
1036 713 1168 795 igitur
1190 731 1237 776 ne
1260 712 1307 776 de
1329 711 1561 776 Persarum

323 822 480 904 quidem
501 840 598 903 rege
620 840 766 903 magno
789 822 905 904 potes
923 820 1075 897 disere,
1098 821 1299 884 beatusne
1323 820 1403 883 sit?
1426 855 1471 864 —
1496 821 1562 882 An

322 948 394 1011 ego
417 928 579 1012 possim,
610 947 695 993 oum
717 929 919 1010 ignorem,
943 946 1060 1009 quam
1084 927 1141 991 sit
1164 925 1323 1003 doetus,
1347 945 1468 1008 quam
1492 927 1563 990 vir

321 1037 470 1101 bonus?
486 1073 527 1083 —
546 1034 674 1114 Quid?
696 1037 740 1100 tu
762 1035 803 1098 in
826 1053 869 1099 eo
893 1035 1014 1098 sitam
1038 1034 1161 1098 vitam
1184 1033 1341 1097 beatam
1357 1035 1495 1116 putas?
1513 1069 1562 1079 -

322 1141 388 1207 Ita
410 1161 580 1225 prorsus
610 1141 821 1219 existimo,
843 1142 970 1206 bonos
999 1141 1160 1218 beatos,
1190 1140 1402 1222 improbos
1429 1141 1562 1204 mise-

322 1268 398 1314 ros.
423 1286 464 1296 -
487 1249 613 1314 Miser
635 1248 999 1331 ergoArohelaus?
1017 1285 1057 1295 -
1082 1247 1218 1325 Certe,
1242 1247 1276 1311 si
1298 1247 1495 1311 iniustus.
1512 1284 1562 1294 —-

280 1355 501 1420 soVidetume
525 1375 652 1421 omnem
674 1356 727 1421 bio
749 1356 879 1421 beatam
901 1355 1003 1420 vitam
1025 1356 1059 1419 in
1081 1373 1147 1418 nna
1162 1354 1280 1418 virtute
1297 1356 1436 1437 ponere?
1468 1352 1560 1432 Quid

323 1466 421 1528 vero?
444 1464 477 1526 in
500 1463 669 1546 Epitaphio
693 1482 755 1545 quo
778 1462 872 1527 modo
895 1461 1005 1526 idem?
1051 1461 1170 1540 „Nam
1202 1461 1266 1526 eui
1289 1461 1408 1538 viro“‚
1436 1460 1560 1542 inquit,

324 1590 394 1649 „ex
417 1571 569 1654 seipso
592 1572 688 1653 apta
711 1571 807 1634 sunt
830 1569 979 1647 omnia,
1003 1587 1104 1650 quae
1128 1568 1176 1633 ad
1199 1567 1561 1633 beatevivendum

324 1676 481 1755 ferunt,
503 1696 576 1742 neo
599 1695 803 1759 suspensa
826 1676 1003 1740 aliorum
1027 1677 1101 1740 aut
1130 1675 1231 1740 bono
1255 1693 1349 1738 oasu
1372 1676 1442 1738 aut
1466 1694 1563 1738 eon-

324 1783 455 1847 trerio
485 1783 658 1866 pendere
689 1803 733 1847 ex
763 1783 942 1848 alterius
972 1783 1134 1847 eventis
1165 1784 1204 1846 et
1234 1800 1372 1846 errare
1403 1800 1563 1863 eogun-

324 1894 407 1966 tur,
429 1890 526 1954 huie
548 1889 884 1973 optimevivendi
906 1889 1014 1954 ratio
1038 1890 1275 1972 oomparata
1297 1890 1370 1952 est.
1403 1887 1475 1952 Hio
1497 1891 1565 1952 est

324 1989 399 2061 ille
422 1996 673 2074 moderatus,
695 1997 761 2061 hio
783 1996 924 2074 fortis,
947 1997 1013 2061 hio
1035 1997 1219 2079 sapiens,
1242 1996 1307 2060 hie
1330 1997 1371 2060 et
1392 2013 1562 2059 nasoen-

324 2105 437 2168 tibus
461 2107 500 2168 et
523 2105 773 2169 cadentibus
797 2123 883 2168 oum
905 2103 1086 2185 reliquis
1103 2102 1342 2180 commodis,
1365 2104 1449 2166 tum
1473 2121 1563 2166 ma-

325 2211 427 2275 xime
450 2211 600 2298 liberis
623 2211 790 2294 parebit
813 2212 851 2275 et
873 2210 1062 2275 oboediet
1084 2211 1306 2293 praesepto
1329 2209 1390 2273 illi
1412 2211 1563 2285 veteri;

324 2336 456 2399 neque
481 2319 586 2382 enim
609 2318 845 2382 laetabitur
868 2336 1058 2399 umquam
1087 2336 1159 2382 neo
1181 2317 1384 2381 maerebit
1415 2317 1564 2395 nimis,

327 2423 432 2505 quod
466 2443 624 2508 semper
657 2426 698 2489 in
728 2444 769 2489 se
798 2425 890 2508 ipse
921 2443 1073 2489 omnem
1108 2444 1217 2508 spem
1251 2425 1426 2506 reponet
1460 2424 1563 2487 sui.“

326 2531 373 2595 Ex
388 2532 448 2597 hoo
462 2532 561 2615 igitur
575 2533 718 2597 Platonis
735 2532 828 2615 quasi
844 2531 982 2615 quodam
999 2533 1109 2597 saneto
1126 2534 1326 2615 augustoque
1342 2529 1428 2594 fonte
1445 2533 1564 2595 nostra

327 2640 429 2703 omnis
452 2641 596 2705 manabit
619 2641 729 2705 oratio.

328 2839 361 2889 οὐ
379 2838 539 2906 γιγνώσκεις
557 2836 601 2888 δτι
618 2834 783 2906 εὐδαιμονεῖ
788 2859 797 2901 ,-
819 2834 824 2903 Ι
844 2832 917 2887 Soor.
937 2836 991 2888 Μὰ
1010 2830 1060 2888 Δί’
1084 2836 1116 2889 οὐ
1134 2834 1212 2902 δῆτα.
1249 2831 1300 2887 Die
1318 2820 1507 2901 Uberselzung
1525 2831 1566 2886 ist

322 2921 363 2977 'im
381 2924 526 2993 folgenden
544 2922 614 2977 noeh
636 2921 734 2989 freier,
759 2938 802 2976 so:
828 2938 931 2991 „quam
956 2922 991 2975 sit
1014 2922 1121 2988 doetus,
1146 2937 1226 2990 quam
1249 2921 1292 2974 vir
1315 2921 1400 2975 bonus
1426 2923 1567 2985 παιδείας

318 3016 402 3077 ’ὅπως
420 3017 476 3085 ἔχει
493 3020 540 3067 καὶ
559 3014 767 3081 δικαιοσύνηςιι.
795 3011 856 3080 Vgl.
875 3011 919 3066 die
932 3011 1008 3065 Bem.
1024 3010 1090 3064 tiber
1108 3011 1155 3065 das
1168 2999 1337 3065 Ubersetzen
1350 3027 1383 3063 zu
1396 3010 1447 3077 ΙΠ,
1464 3011 1508 3067 76.
1524 3041 1563 3052 -

325 3120 365 3156 οτι
379 3103 496 3172 msam]
507 3106 619 3170 erganze
630 3100 721 3170 „anob
730 3117 781 3155 von
792 3101 847 3153 ihm
861 3101 932 3154 kann
946 3100 990 3154 ioh
1005 3099 1094 3154 niobts
1107 3115 1201 3168 sagen3
1212 3100 1277 3155 oder
1285 3099 1363 3153 sollte
1377 3098 1422 3153 ioh
1432 3139 1438 3152 .
1450 3139 1457 3151 .
1469 3102 1509 3152 .“.
1524 3130 1565 3139 -

332 3192 487 3261 Vallatum]
508 3191 616 3259 „ergibt
633 3190 690 3245 sich
709 3191 805 3245 danaus
823 3190 950 3244 nieht?“.

401 3294 442 3336 so.
466 3280 500 3333 in
522 3279 683 3350 Epitaphio]
708 3280 733 3332 d.
752 3278 769 3332 i.
788 3278 826 3331 im
845 3279 1064 3347 ‚,Menexenus“,
1089 3296 1114 3347 p.
1134 3279 1225 3333 aare:
1251 3280 1328 3349 „droa
1346 3281 1400 3352 γὰρ
1418 3279 1503 3351 ἀνδρὶ
1521 3284 1569 3341 εἰς

327 3372 427 3425 ἑαυτὸν
451 3373 598 3441 ἀνήρτηται
623 3369 661 3437 (in
684 3368 741 3421 ihm
765 3368 924 3438 begriindet)
952 3374 1046 3424 πάντα
1071 3372 1106 3423 τὰ
1131 3371 1200 3441 πρὸς
1224 3370 1408 3440 εὐδαιμονίαν
1436 3373 1567 3440 φέροντα

327 3462 474 3530 ἣέγγύς
496 3463 631 3513 τούτου
655 3457 736 3527 (fehlt
759 3457 802 3511 bei
821 3457 930 3524 Cicero,
955 3458 1031 3511 nieht
1054 3457 1217 3525 unbedingte
1240 3454 1473 3525 Unabhangiglreit
1496 3472 1567 3510 vom

327 3548 452 3602 ausseren
471 3547 623 3617 Gesohiok),
648 3550 753 3620 καὶμὴ
771 3550 800 3602 ἐν
818 3551 911 3610 ἄλλοις
930 3550 1088 3620 ἀνθρώποις
1107 3553 1247 3621 αἰωρεῖται
1265 3546 1413 3615 (abhiingt),
1438 3549 1468 3609 ἐξ
1488 3542 1570 3615 aial}

328 3636 358 3693 εὖ
382 3642 399 3706 ἢ
422 3650 509 3700 κακῶς
533 3642 698 3710 πραξάντων
722 3642 887 3692 πλανᾶσθαι
912 3640 1083 3708 ἠνάγκασται
1107 3642 1155 3692 καὶ
1178 3641 1212 3692 τὰ
1235 3639 1340 3691 ἐκείνου
1363 3635 1456 3704 (deren
1475 3633 1564 3688 Wohl

326 3728 382 3781 und
399 3726 488 3780 Wehe
513 3725 581 3780 auoh
605 3726 654 3778 ibn
676 3742 725 3779 zur
747 3724 928 3794 Unstetigkeit
952 3724 1074 3794 zwingt),
1100 3729 1188 3797 τούτῳ
1213 3731 1313 3799 ἄριστα
1336 3728 1570 3796 παρεσκεύασται

328 3821 386 3886 ζῇν,
412 3811 492 3877 οὗτός
509 3818 586 3871 ἐστιν
605 3819 620 3870 d
639 3820 757 3889 σώφρων
775 3821 821 3869 καὶ
842 3809 922 3877 οὗτος
941 3819 956 3870 d
975 3817 1102 3890 ἀνδρεῖος
1118 3820 1166 3870 καὶ
1185 3817 1333 3888 φρόνιμος·
1360 3808 1440 3876 οὗτος
1462 3834 1569 3885 γιγνο·

326 3913 419 3981 μενων
433 3911 585 3978 χρημάτων
602 3911 649 3959 καὶ
668 3907 780 3960 παίδων
797 3911 843 3959 καὶ
859 3906 1104 3979 διαφθειρομένων
1120 3908 1244 3976 μάλιστα
1263 3911 1388 3960 πείσεται
1406 3906 1439 3977 τῇ
1457 3924 1566 3976 παροι-

326 4003 380 4069 μίᾳ
398 3994 595 4064 (Spriohwortl'
623 3999 684 4049 οὔτε
709 3997 764 4069 γὰρ
783 4001 891 4067 χαίρων
910 3998 971 4049 οὔτε
989 3997 1164 4066 λυπούμενος
1182 3998 1255 4063 ἄγαν
1273 3996 1427 4065 φανήσεται
1452 3993 1503 4046 διὰ
1529 3997 1572 4048 τὰ

329 4089 403 4155 αὐτῷ
420 4087 613 4140 πεποιθέναι.“
649 4083 712 4137 Man
735 4083 860 4151 beaobte,
885 4083 936 4137 wie
960 4084 1029 4136 trotz
1041 4083 1097 4136 der
1114 4081 1232 4136 Freiheit
1249 4081 1298 4135 der
1315 4080 1451 4149 sonstigen
1470 4070 1565 4135 Uber·

328 4175 441 4242 setzung
464 4173 557 4229 Cicero
581 4172 634 4225 den
657 4169 882 4226 Sohlnlslrretilus
907 4173 1007 4240 (nl-)
1032 4170 1126 4224 wahrt.
1152 4201 1186 4211 -
1209 4175 1303 4223 εαιιοιο
1326 4169 1410 4238 foede]
1437 4168 1490 4222 biit
1513 4169 1571 4224 der

328 4262 513 4330 Ankniiplung
537 4277 572 4315 an
596 4260 672 4315 Plato
698 4260 765 4314 hebt
791 4260 834 4314 die
858 4261 1024 4329 Erbrterung
1048 4261 1096 4314 des
1121 4259 1325 4328 Hauptpunlrtes
1349 4258 1501 4328 gebetartig
1528 4276 1569 4315 an

325 4347 601 4417 (Antoritdtsbeweis).

400 4492 479 4560 unp.
501 4492 552 4551 13.
592 4507 633 4548 ει.
657 4494 714 4546 Aul
732 4493 824 4547 Grund
842 4493 892 4546 der
909 4493 1043 4547 stoisoben
1061 4491 1270 4560 Teleologie
1294 4491 1338 4561 (de
1356 4492 1410 4544 nat.
1431 4491 1506 4546 deor.
1525 4490 1571 4563 Π,

330 4596 352 4633 ο.
364 4583 399 4636 14
404 4581 455 4649 it),
470 4580 513 4635 die
527 4580 587 4634 hier
599 4598 652 4635 nur
665 4582 702 4634 im
711 4581 783 4635 ller-
793 4582 849 4635 und
858 4581 1064 4636 Pflanzenreioh
1073 4580 1267 4650 durchgefiihrt
1281 4579 1355 4648 wird,
1368 4578 1433 4634 laist
1445 4578 1507 4635 sioh
1520 4580 1574 4638 die
