3642 5225
739 545 795 600 Lib.
814 545 865 609 ΠΙ,
883 561 907 599 c.
926 546 1041 601 23-24.
1467 543 1503 605 61

273 707 433 790 siguificat
462 708 639 773 tolerabilia
668 726 753 786 esse,
784 726 866 790 quae
897 710 931 772 et
954 708 1088 772 tulerint
1117 709 1150 772 et
1173 707 1279 772 ierant
1302 707 1408 773 ceteri.
1454 707 1559 778 Deae

273 816 464 899 paupertate
488 815 609 898 agitur,
639 815 734 880 multi
764 815 924 898 patientes
946 833 1102 898 pauperes
1125 816 1432 890 commemorantum
1463 814 1502 880 dc

273 921 505 986 contemnendo
533 922 667 1000 honore,
706 923 802 987 multi
835 921 1016 987 inhonorati
1050 920 1270 1006 proferuntur,
1305 924 1338 986 et
1372 921 1502 1003 quidem

275 1029 404 1112 propter
418 1028 451 1092 id
474 1029 580 1112 ipsum
602 1029 768 1108 beatiores,
792 1047 975 1110 eorumque,
999 1029 1054 1111 qui
1069 1029 1233 1112 privatum
1246 1029 1348 1093 otium
1367 1028 1504 1111 negotiis

274 1135 409 1219 publicis
438 1136 673 1214 antetulerunt,
702 1136 891 1200 nominatim
918 1135 985 1201 vita
1014 1135 1166 1200 laudatur
1194 1154 1253 1200 neo
1282 1135 1396 1200 siletur
1421 1134 1502 1201 illud

274 1242 487 1325 potentissimi
515 1243 600 1325 regis
631 1244 857 1326 anapaestum,
887 1243 944 1324 qui
971 1241 1084 1307 laudat
1106 1261 1216 1307 senem
1246 1244 1280 1307 et
1302 1241 1503 1306 fortunatum

273 1367 345 1413 ease
368 1348 460 1427 dicit,
489 1349 574 1431 quod
603 1350 757 1432 inglorius
781 1350 823 1415 sit
846 1352 943 1432 atque
967 1349 1113 1432 ignobilis
1138 1349 1178 1413 ad
1202 1367 1394 1431 supremum
1418 1348 1503 1412 diem

274 1458 494 1540 perventurus.
548 1456 701 1521 Similiter
735 1457 1020 1522 commemorandis
1053 1456 1204 1540 exemplis
1239 1456 1391 1520 orbitates
1427 1473 1547 1537 quo-ss

273 1581 337 1646 que
367 1564 504 1629 liberum
533 1564 758 1648 praedicantur
786 1582 972 1647 eorumque,
1004 1562 1059 1646 qui
1088 1563 1216 1646 grauius
1243 1561 1365 1639 ferunt,
1395 1562 1502 1626 luctus

273 1671 411 1735 aliorum
434 1671 585 1755 exemplis
608 1671 788 1750 leniuntur;
819 1671 865 1736 sic
886 1671 1048 1755 perpessio
1071 1672 1250 1736 ceterorum
1272 1669 1364 1747 facit,
1392 1670 1431 1732 nt
1456 1687 1503 1747 ec,

274 1796 357 1858 quae
393 1776 580 1855 acciderint,
613 1778 716 1841 multo
750 1777 889 1854 minora,
925 1795 1022 1859 quam
1057 1778 1178 1859 quanta
1212 1777 1278 1841 sint
1313 1775 1502 1851 existimata,

274 1882 452 1947 videantur.

363 1989 416 2054 Ita
437 1989 490 2068 lit,
514 1990 633 2054 sensim
657 1989 869 2070 cogitantibus
893 1990 944 2068 ut,
967 1992 1126 2072 quantum
1149 1991 1191 2054 sit
1214 1990 1367 2054 ementita
1391 1989 1503 2074 opinio,

273 2099 436 2181 appareat.
481 2099 587 2179 Atque
610 2097 670 2161 hoc
691 2096 777 2164 idem
800 2099 833 2161 et
856 2096 985 2161 Telamo
1008 2097 1062 2162 ille
1085 2097 1244 2162 declarat:

385 2192 468 2295 hgo
491 2232 578 2278 cum
601 2212 725 2295 genui
748 2260 857 2276 ......

274 2348 309 2411 et
330 2346 488 2412 Theseus:

384 2463 564 2527 Futuras
588 2481 737 2528 mecum
760 2463 1068 2527 commentabar
1090 2462 1285 2527 miserias

274 2596 308 2660 et
322 2597 545 2679 Anaxagoras:
569 2594 782 2674 „Sciebam
797 2615 855 2661 me
871 2597 1066 2677 genuisse
1082 2597 1328 2662 mortalem.“
1359 2595 1503 2661 Hionim

274 2721 384 2767 omnes
408 2702 462 2767 diu
491 2704 668 2786 cogitantes
691 2701 730 2767 de
759 2704 855 2768 rebus
879 2704 1029 2768 humanis
1051 2703 1283 2787 intellegebant
1306 2722 1360 2769 eas
1383 2721 1504 2786 nequa·

276 2827 374 2891 qnam
402 2828 459 2892 pro
488 2810 633 2894 opinione
662 2810 751 2893 vulgi
782 2829 852 2876 esse
882 2810 1143 2876 extimescendas.
1191 2812 1235 2876 Et
1265 2811 1345 2876 mihi
1375 2809 1504 2893 quidem

275 2915 401 2980 videtur
431 2916 517 2982 idem
547 2916 613 2983 foro
642 2917 782 2983 accidere
811 2918 869 2994 iis,
904 2918 960 3000 qui
989 2920 1063 2983 ante
1092 2918 1307 2995 meditantur,
1342 2916 1426 2999 quod
1455 2917 1504 2994 iis,

276 3022 390 3104 quibus
405 3023 553 3089 medetur
568 3024 645 3103 dies,
667 3025 730 3089 nisi
746 3024 830 3106 quod
853 3024 935 3088 ratio
959 3023 1117 3106 quaedam
1141 3026 1235 3089 sanat
1256 3024 1338 3101 illos,
1360 3023 1418 3087 hos
1434 3024 1505 3107 ipsa

273 3131 391 3194 natura
413 3129 576 3196 intellecto
600 3149 653 3209 eo,
678 3130 762 3212 quod
784 3149 854 3195 rem
876 3131 1034 3208 continet,
1061 3129 1142 3194 illud
1165 3131 1302 3208 malum,
1332 3129 1416 3212 quod
1439 3131 1506 3213 opi·

274 3238 387 3300 natum
411 3237 454 3300 sit
476 3256 546 3303 esse
569 3237 755 3314 maximum,
777 3255 983 3319 nequaquam
1006 3255 1075 3301 esse
1091 3237 1229 3315 tantum,
1252 3238 1290 3300 nt
1313 3236 1414 3300 sitam
1429 3237 1503 3301 bea-

348 3461 390 3502 ιτ.
408 3448 502 3518 ceteri]
520 3447 626 3502 Beweis
644 3446 729 3501 durch
746 3446 887 3517 Beispiele.

345 3590 422 3659 Kap.
442 3590 493 3646 24.
530 3589 603 3644 illud
680 3590 871 3660 anapaestum]
891 3591 1067 3653 ἀνάπαιστος
1083 3589 1119 3644 ist
1133 3590 1258 3659 ndjeltiv
1277 3590 1422 3662 („znriiclr-
1440 3592 1506 3645 oder

275 3678 512 3749 unageschlagen“,
529 3702 611 3731 υυ-
629 3695 715 3749 gagen
733 3680 832 3747 -w)‚
850 3678 934 3734 daher
951 3679 998 3733 das
1012 3678 1158 3747 Neutrum3
1177 3679 1336 3735 bezeichnet
1349 3680 1408 3735 sind
1422 3680 1506 3735 demit

274 3767 457 3839 anaphstisehe
466 3770 552 3824 Verso
565 3768 617 3823 wis
636 3772 705 3823 elwa
718 3768 767 3822 mit
780 3768 853 3823 illud
864 3768 977 3823 haeum
991 3768 1074 3838 „jans
1087 3768 1177 3824 Partis
1194 3768 1232 3823 im
1250 3769 1409 3825 heroischen
1422 3770 1505 3825 Vers-

274 3858 381 3913 malse“
399 3855 593 3929 (hexameter).
614 3890 647 3899 -
668 3856 857 3929 potentissimi
873 3858 956 3929 rapis]
981 3858 1031 3913 Bei
1048 3857 1189 3928 Euripides
1208 3858 1276 3929 (lph.
1294 3858 1356 3913 Aul.
1375 3876 1401 3913 s·
1420 3860 1505 3928 lesa)

275 3950 334 4018 sagt
351 3949 534 4017 Agamcnmon
554 3965 587 4002 zu
606 3947 709 4003 seinem
726 3947 841 4003 Diener:

811 4042 878 4107 ζηλῶ
898 4057 936 4105 σε,
956 4042 1045 4112 γέρον,

525 4130 592 4195 ζηλῶ
611 4125 640 4183 δ’
659 4127 775 4202 ἀνδρῶν,
795 4128 826 4190 ὃς
843 4127 994 4183 ἀκίνδυνον

524 4221 587 4285 βίον
605 4214 748 4291 ἐξεπέρασ’
765 4216 921 4286 (omega)
940 4218 1029 4288 ἀγνὼς
1047 4214 1206 4285 (ignobiles),
1226 4218 1333 4283 ἀκλεής·

525 4307 589 4366 τοὺς
607 4300 638 4361 δ’
653 4307 684 4361 ἔν
702 4312 797 4379 τιμαῖς
814 4301 903 4374 ἧσσον
920 4307 1032 4361 ἐπαινῶ.

350 4405 391 4450 aa.
416 4393 542 4448 absictos
561 4393 688 4465 liberam]
707 4393 837 4462 „Verlust
854 4410 907 4448 von
925 4393 1082 4462 Kindern“;
1100 4391 1248 4463 Beispiele:
1267 4392 1395 4462 Perilles,
1412 4392 1506 4449 Xeno·

276 4481 356 4551 phou,
374 4481 507 4539 Metellus.
523 4514 557 4526 -
576 4483 690 4553 sensim]
709 4499 743 4537 zu
760 4488 900 4553 apparent,
915 4514 949 4525 -
972 4482 1082 4550 Telamo,
1101 4482 1221 4549 Tbescaco,
1235 4481 1425 4553 Anaxagoras]
1444 4499 1466 4537 s.
1481 4498 1504 4537 o.

277 4573 293 4641 ξ
310 4570 384 4627 2811.
403 4603 438 4613 -
452 4590 506 4643 pro
524 4571 664 4643 opinabere]
684 4571 768 4642 „dem
786 4570 893 4627 Wahne
913 4572 1138 4641 entsprechend“.
1159 4603 1193 4613 —
1215 4572 1286 4644 quod
1301 4589 1360 4626 rem
1377 4571 1505 4642 continet]
