3642 5225
776 536 833 591 uo.
852 536 902 606 m,
923 553 944 591 ο.
964 538 1007 593 rs.
1470 535 1505 595 51

278 718 413 765 eornm
439 700 628 778 omnium,
663 718 766 782 quae
790 718 913 783 supra
937 699 1038 777 dixi,
1072 698 1158 765 iore
1189 700 1234 764 nt
1263 701 1422 764 natura
1451 698 1505 763 iis

275 807 438 890 potiens
478 806 615 871 dolore
655 809 823 872 eareat.“
879 809 985 889 Atque
1020 808 1100 871 haee
1138 807 1266 888 quidem
1304 807 1355 871 his
1390 807 1548 885 verbiaoa

277 914 381 995 quivis
410 917 448 978 ut
476 914 658 996 intellegat,
693 933 790 996 quam
820 915 1019 997 voluptatem
1048 914 1133 978 norit
1162 914 1329 998 Epicurus.
1382 912 1504 1006 Deinde

276 1021 372 1104 paulo
395 1020 494 1086 inira:
518 1021 669 1105 „Saepe
694 1022 914 1104 quaesivi“,
937 1021 1050 1102 inquit,
1074 1040 1144 1098 „ex
1167 1021 1237 1098 iis,
1269 1021 1339 1101 qui
1362 1021 1506 1104 appel-

276 1128 472 1192 labantur
495 1129 724 1212 sapientes,
748 1128 845 1210 quid
868 1129 1087 1205 haberent,
1112 1127 1215 1210 quod
1238 1128 1278 1192 in
1300 1128 1418 1192 bonis
1441 1146 1505 1192 re·

276 1235 538 1317 linquerent,
563 1235 596 1298 si
618 1235 695 1299 illa
720 1235 1022 1312 detraxissent,
1045 1235 1128 1299 nisi
1152 1235 1188 1299 si
1209 1234 1369 1299 vellent
1391 1252 1503 1299 voees

275 1342 421 1406 inanes
444 1341 633 1415 fundere;
657 1342 762 1406 nihil
786 1343 832 1406 ab
855 1342 906 1406 iis
930 1342 1045 1425 potui
1069 1360 1324 1424 oognosoere.
1370 1340 1447 1420 Qui
1470 1342 1504 1406 si

277 1448 459 1512 virtutes
483 1448 659 1513 ebullire
683 1449 821 1513 volent
844 1450 884 1512 et
907 1449 1152 1530 sapientias,
1175 1447 1284 1512 nihil
1307 1447 1421 1511 aliud
1445 1448 1505 1512 di-

277 1556 370 1619 eent
400 1555 482 1619 nisi
512 1574 599 1620 eam
621 1556 740 1632 viam,
771 1574 848 1637 qua
884 1553 1130 1620 efficiantur
1161 1573 1229 1619 eae
1252 1555 1504 1637 voluptates,

278 1680 379 1743 quas
408 1681 531 1744 supra
558 1662 669 1726 dixi.“
715 1661 804 1742 Quae
829 1664 1021 1743 sequuntur,
1051 1662 1086 1726 in
1109 1662 1221 1727 eadem
1244 1662 1404 1726 sententia
1428 1664 1504 1725 sunt

276 1770 429 1849 totusque
452 1769 546 1845 liber,
570 1769 625 1850 qui
648 1771 699 1833 est
722 1770 760 1833 de
784 1769 1027 1847 summobono,
1057 1768 1193 1834 refertus
1217 1772 1262 1832 est
1287 1770 1319 1832 et
1342 1768 1446 1833 verbis
1470 1768 1503 1832 et

278 1876 446 1938 sententiis
468 1874 596 1938 talibus.
641 1874 690 1939 Ad
712 1875 847 1939 hancine
869 1876 969 1957 igitur
992 1876 1094 1940 vitam
1109 1876 1314 1940 Telamonem
1338 1875 1431 1940 illum
1453 1893 1547 1941 re-ia

277 1981 419 2058 vocabis,
453 1982 491 2044 ut
519 1981 605 2046 leves
636 1981 883 2063 aegritudinem,
918 1983 965 2058 et,
1000 1982 1147 2065 siquem
1176 1983 1306 2046 tuorum
1337 1981 1503 2046 adfiiotum

277 2106 420 2152 maerore
443 2087 575 2165 videris,
605 2088 679 2152 huie
703 2088 919 2171 acipenserem
948 2089 1055 2172 potius
1080 2107 1177 2170 quam
1201 2088 1341 2170 aliquem
1365 2087 1504 2152 Socrati-

278 2214 351 2259 oum
380 2195 523 2260 libellum
553 2195 665 2259 dabis?
698 2195 848 2279 hydrauli
876 2195 1045 2260 hortabere
1075 2197 1114 2259 ut
1137 2194 1248 2259 audiat
1276 2213 1368 2259 voees
1398 2193 1503 2278 potius

278 2321 376 2384 quam
399 2301 564 2366 Platonis?
595 2286 744 2385 expones,
769 2321 850 2385 quae
875 2304 1013 2385 speotet,
1036 2301 1149 2366 florida
1171 2303 1205 2366 et
1227 2301 1339 2365 varia?
1369 2300 1505 2367 iasoiou-

277 2408 346 2472 lum
370 2408 409 2472 ad
432 2427 525 2473 nares
550 2408 754 2474 admovebis?
777 2409 927 2475 inoendes
951 2409 1062 2475 odores
1086 2410 1119 2474 et
1134 2409 1227 2473 sertis
1251 2408 1393 2473 redimiri
1415 2408 1504 2473 inbe-

277 2674 461 2742 (Hdrstiiolxe)‚
487 2678 614 2747 ἀφαιρῶν
636 2676 668 2730 δὲ
692 2678 741 2737 τὰς
763 2676 812 2730 διὰ
834 2686 945 2749 μορφῆς
961 2673 1024 2730 κατ’
1042 2679 1111 2745 ὄψιν
1127 2676 1222 2743 ἡδείας
1238 2676 1378 2743 κινήσειςιι
1396 2675 1502 2738 (moes

276 2763 414 2831 meliboea,
434 2763 621 2833 „angenehme
635 2764 792 2831 hlindr'dohe,
811 2763 1066 2833 Empfindungen“).
1087 2795 1120 2804 -
1139 2763 1178 2817 olis
1192 2764 1310 2833 potiens]
1331 2763 1426 2833 „ihrer
1443 2762 1503 2817 teil-

277 2852 364 2921 haftig
381 2853 537 2907 werdend“.

350 2963 391 3005 4².
410 2951 476 3005 bueo
494 2951 612 3021 quatiam]
631 2951 731 3021 llllipse
749 2952 819 3006 beim
838 2949 991 3005 Absohluia
1018 2982 1052 2991 -
1081 2968 1165 3020 quom
1243 2949 1328 3020 omit]
1347 2975 1383 2996 =
1400 2950 1504 3004 noverit

277 3064 313 3085 κ
330 3039 466 3109 intelleqot
493 3042 580 3111 („was
664 3044 745 3094 unter
832 3039 994 3108 versteht“).
1023 3071 1057 3080 -
1084 3056 1158 3093 ooeea
1180 3039 1278 3093 inanes
1300 3038 1424 3109 fundere]
1448 3039 1504 3092 Das

275 3129 533 3198 Tagendgesohwiltz
547 3129 707 3184 derStoilxer
720 3128 787 3182 wird
805 3130 845 3182 oft
862 3144 916 3182 von
934 3128 987 3181 den
1000 3128 1166 3198 Epilxureern
1184 3127 1307 3196 getadelt.
1328 3158 1361 3167 -
1379 3126 1502 3195 suadae]

276 3233 312 3270 zu
328 3218 390 3272 dem
403 3217 464 3271 Bild
483 3217 549 3285 „die
567 3217 678 3272 Stimme
696 3219 814 3271 strbmt“
834 3216 914 3285 (fluit,
933 3219 1049 3285 moreat).
1069 3247 1102 3256 —
1120 3216 1241 3285 ebullire]
1257 3215 1503 3284 „heraussprudeln

275 3305 372 3374 lassen,
390 3306 443 3360 den
461 3306 545 3360 Mund
563 3305 773 3373 vollnehmen“;
798 3306 847 3359 der
864 3304 956 3359 Plural
973 3305 1086 3359 vinomo
1165 3303 1318 3373 amatote
1340 3304 1411 3373 paist
1435 3321 1503 3374 gana

276 3411 339 3448 zum
355 3396 490 3449 Verbum:
511 3395 609 3462 „redet
625 3394 804 3448 bombastiseh
823 3397 905 3449 von“.
924 3426 959 3434 —
978 3394 1090 3463 ίαίὣιω]
1110 3392 1246 3463 Stellungl

349 3505 391 3547 sa.
411 3492 547 3561 Humum]
572 3507 593 3546 s.
613 3508 647 3545 zu
670 3494 686 3562 ξ
703 3495 728 3548 8.
758 3524 792 3533 -
818 3492 968 3562 ooobenser]
988 3492 1052 3546 oder
1069 3508 1223 3562 ooupasaer,
1244 3491 1288 3546 ein
1306 3490 1396 3546 ieiner
1413 3491 1503 3563 hisch,

275 3580 413 3635 vielleioht
435 3581 484 3635 der
501 3581 576 3649 Sldr,
603 3582 667 3636 Hor.
687 3584 736 3636 sat.
754 3581 798 3649 H,
817 3585 847 3649 2,
866 3584 909 3637 47.
938 3613 973 3622 —
1002 3580 1173 3636 Soerotom
1190 3580 1321 3651 labellum]
1340 3581 1417 3635 nieht
1434 3582 1503 3637 etwa

272 3670 336 3726 eine
350 3669 452 3725 Sobrift
464 3686 517 3724 von
531 3670 663 3739 Sokratus,
681 3671 798 3726 sondern
811 3671 871 3725 eine
885 3671 994 3739 Sehxiit,
1012 3673 1040 3724 in
1054 3671 1103 3726 der
1116 3670 1239 3725 Sokrates
1253 3671 1313 3726 eine
1326 3670 1401 3726 Rolle
1415 3670 1504 3741 spiolt,

275 3760 326 3815 wie
339 3760 368 3813 in
382 3760 435 3815 den
448 3760 636 3815 Platonisohen
652 3760 789 3831 Dialogen,
809 3761 872 3815 oder
889 3760 1041 3830 dberhaupt
1058 3760 1101 3816 die
1115 3760 1216 3815 Sohrift
1234 3777 1287 3815 von
1306 3760 1393 3815 einem
1407 3759 1502 3815 Sokra-

274 3849 378 3904 lisohen
396 3849 582 3920 Philosophen.
602 3882 636 3890 -
654 3849 794 3920 hydrauli]
814 3866 862 3904 aus
877 3852 951 3925 ὕδωρ
963 3850 1017 3904 und
1033 3853 1120 3913 αὐλός.
1151 3849 1202 3904 Die
1216 3849 1427 3918 Wasserorgeln,
1443 3849 1505 3904 eine

274 3938 424 4009 llrlindnng
442 3940 490 3994 des
507 3939 640 3994 Ktesibios
658 3943 715 4009 (um
735 3940 810 4009 140),
834 3955 924 3993 waren
943 3955 1035 4009 wegen
1053 3939 1101 3993 des
1119 3936 1399 3993 einsohmeiohelnden
1417 3938 1505 3992 Tonea

274 4027 374 4083 beliebt
400 4031 459 4099 (ooo
482 4044 544 4082 vom
567 4028 714 4083 Mensohen
736 4029 792 4082 und
817 4043 879 4081 vom
896 4028 1063 4082 Instrument
1080 4028 1226 4098 gebrauoht
1249 4027 1300 4081 wie
1319 4027 1453 4095 moereb
1480 4042 1503 4081 s.

274 4116 499 4185 Baumeister,
517 4117 679 4172 Denlrmdler
695 4118 733 4185 H,
752 4120 813 4187 564,
831 4116 951 4172 Abbild:
970 4117 1066 4172 Antike
1075 4116 1259 4187 Wasserorgel
1277 4117 1325 4171 des
1338 4116 1431 4171 Heron
1449 4132 1503 4171 von

274 4204 444 4260 Alexandria
472 4235 507 4245 —
533 4207 625 4277 varab]
652 4207 681 4260 in
704 4207 753 4262 der
777 4207 1021 4276 Grundbedeutung
1047 4207 1151 4275 „bunte
1169 4205 1307 4261 Parhen“.
1336 4236 1370 4245 —
1398 4205 1500 4275 odores]

274 4294 539 4365 „Riiuoherwerlxe“.
559 4327 593 4336 -
611 4296 691 4350 sertia
710 4296 881 4367 („Krlinze“)
899 4301 924 4350 et
936 4297 1011 4367 rosa]
1032 4296 1092 4351 eine
1107 4298 1158 4351 Art
1169 4294 1372 4363 Hendiadyoin3
1390 4293 1443 4364 vgl.
1458 4294 1502 4349 die

273 4384 451 4455 Schilderung
474 4384 522 4439 des
539 4383 720 4455 gldohseligen
738 4385 893 4454 Damohles,
918 4385 993 4440 Tuae.
1012 4384 1046 4452 V,
1072 4388 1106 4441 61
1135 4386 1198 4440 oder
1222 4384 1265 4440 die
1284 4384 1392 4440 Worte:
1418 4384 1502 4454 „quis

274 4472 359 4527 mulla
371 4473 477 4543 graoffis
494 4476 522 4528 te
540 4490 607 4543 puer
618 4474 647 4527 iu
661 4490 722 4529 rosa
736 4476 740 4544 Ι
756 4475 882 4544 perfusus
900 4474 1007 4546 liquidis
1025 4476 1104 4543 urget
1121 4473 1252 4543 odoribus
1269 4474 1274 4545 Ι
1289 4476 1373 4544 grato,
1387 4472 1500 4543 Pyrrha,

274 4561 324 4617 sub
343 4561 461 4617 anho?“
488 4563 553 4618 Hor.
573 4579 653 4619 earm.
673 4564 701 4633 Ι,
720 4565 751 4633 53
780 4564 832 4635 (fl,
850 4566 882 4620 3:
909 4565 1068 4633 „unguenta
1159 4563 1255 4619 breves
1274 4578 1400 4619 amoenae
1425 4578 1501 4618 rosae

1248 4653 1288 4708 4*
