3642 5225
318 474 355 538 61
717 471 927 527 Tusculanarum
944 470 1152 539 disputationum

320 639 430 722 magni
458 636 637 722 praesentis
668 636 766 718 atque
796 635 942 717 urgentis
964 633 1051 698 mali.
1097 632 1212 715 Itaque
1236 632 1269 696 et
1292 629 1380 694 dolor
1402 627 1557 711 corporis,

322 746 413 812 cuius
437 747 487 810 est
509 762 635 809 morsus
659 743 848 820 acerrimus,
875 740 1035 825 perfertur
1058 759 1113 823 spe
1135 739 1298 823 proposita
1320 737 1393 802 boni
1421 738 1455 801 et
1478 736 1557 800 acta

323 854 412 918 aetas
442 852 575 916 honeste
607 868 645 915 ac
668 849 832 934 splendide
856 850 982 913 tantam
1006 847 1111 912 adfert
1133 845 1397 922 consolationem,
1427 844 1466 907 ut
1490 861 1557 917 eos,

323 960 378 1042 qui
400 960 447 1023 ita
469 958 614 1036 ruerint,
638 959 781 1022 autnon
805 956 945 1038 attingat
968 954 1134 1037 aegritudo
1159 954 1216 1018 aut
1237 951 1406 1036 perleviter
1428 951 1558 1033 pungat

322 1067 420 1131 animi
443 1066 539 1130 dolor.

269 1182 313 1244 At
413 1172 475 1238 Sed
507 1172 548 1237 ad
577 1171 661 1236 hanc
683 1170 863 1254 opinionem
885 1168 994 1251 magni
1016 1169 1095 1232 mali
1118 1186 1192 1233 cum
1213 1167 1270 1231 illa
1293 1165 1390 1230 etiam
1413 1163 1557 1247 opinio

323 1280 465 1357 necessit,
488 1282 692 1362 oportere,
714 1279 839 1342 rectum
862 1295 942 1353 esse,
965 1275 1006 1341 ad
1028 1274 1167 1340 officium
1185 1274 1343 1358 pertinere
1366 1270 1449 1337 ferre
1471 1270 1558 1336 illud

324 1405 426 1469 aegre,
450 1385 533 1469 quod
557 1385 716 1462 acciderit,
739 1386 811 1448 tum
828 1383 964 1465 denique
980 1381 1117 1447 efficitur
1139 1381 1196 1445 illa
1219 1380 1325 1462 gravis
1342 1378 1558 1461 aegritudinis

281 1493 529 1578 erpertnrbatio.
562 1493 610 1556 Ex
633 1492 694 1556 hae
717 1490 861 1574 opinione
886 1491 964 1554 sunt
986 1489 1042 1553 illa
1064 1489 1153 1553 varia
1168 1489 1201 1552 et
1217 1486 1418 1552 detestabilia
1434 1504 1558 1568 genera

323 1600 462 1683 lugendi,
484 1599 646 1683 paedores‚
669 1597 841 1663 muliebres
864 1597 1076 1660 lacerationes
1100 1614 1263 1678 genarum,
1294 1592 1438 1678 pectoris,
1460 1590 1559 1656 femi-

323 1727 411 1784 num,
434 1706 546 1790 eapitis
570 1705 802 1789 percussionem
827 1703 902 1767 hinc
916 1703 970 1767 1116
986 1704 1183 1785 Agamemno
1199 1701 1387 1766 Homericus
1411 1701 1444 1764 et
1467 1698 1558 1764 idem

324 1813 483 1878 Accianus

438 1928 636 1994 Scindens
659 1927 797 1992 dolore
820 1924 1043 1991 identidem
1066 1923 1271 1989 intonstm
1294 1941 1459 2000 comam,

325 2073 359 2136 in
383 2091 445 2154 quo
469 2071 611 2137 facetum
633 2069 713 2134 illud
728 2069 848 2142 Bionis,
870 2068 1000 2152 perinde
1025 2068 1253 2132 stultissimum
1277 2084 1385 2149 regem
1406 2066 1440 2130 iu
1463 2066 1561 2132 luctu

284 2180 478 2263 escapillum
500 2179 562 2244 sibi
584 2178 734 2253 evellere,
763 2176 856 2257 quasi
878 2175 1006 2240 calvitio
1029 2193 1153 2239 maeror
1175 2175 1343 2239 leuaretur.
1390 2172 1453 2238 Sed
1476 2173 1562 2238 haec

327 2462 401 2515 ernst
414 2459 539 2514 nehmen.
554 2490 587 2498 -
606 2457 739 2528 argenteis]
754 2457 857 2512 stdrlrer
870 2456 910 2511 als
922 2456 1061 2511 omeeotia
1077 2488 1112 2496 —
1125 2456 1276 2526 perleviter]
1291 2456 1325 2511 In
1338 2455 1409 2511 allen
1421 2454 1564 2510 Schriften

327 2549 433 2605 Ciceros
451 2548 540 2602 findet
561 2545 620 2601 sich
642 2547 715 2602 diese
734 2545 990 2617 Steigerungsform;
1014 2563 1076 2600 man
1095 2544 1245 2616 vergleiehe
1264 2545 1390 2616 ubrigens
1413 2543 1488 2598 diese
1507 2543 1564 2598 Ge-

327 2639 432 2692 danhen
451 2638 501 2691 mit
517 2638 570 2693 den
588 2637 685 2691 friiher
702 2636 873 2705 belampfoen
891 2636 1102 2705 Epihureisehen
1120 2636 1136 2703 ξ
1154 2637 1190 2692 28
1208 2637 1265 2706 (epe
1282 2634 1364 2705 boae).

399 2780 476 2850 Kap.
496 2780 549 2836 26.
582 2780 677 2849 opinio
744 2782 871 2849 oportere]
890 2779 941 2833 Die
955 2779 1045 2834 Partis
1062 2786 1128 2835 dher
1145 2786 1193 2835 dee
1205 2784 1393 2834 vermamtllch
1405 2783 1565 2833 retient-

328 2876 478 2937 mttelgs
496 2876 542 2925 dee
560 2876 697 2924 lummere
714 2868 749 2923 ist
767 2867 837 2922 nach
855 2867 1028 2938 Chrysipp
1047 2868 1218 2937 ausgefiihrt3
1237 2884 1258 2923 s.
1274 2869 1290 2936 ἕ
1306 2871 1340 2924 76
1354 2869 1400 2937 (69
1413 2883 1440 2920 u.
1455 2868 1510 2936 70).
1526 2898 1564 2907 -

328 2958 512 3029 aegretudinrs
530 2957 708 3028 perturbatae]
734 2958 784 3012 wie
802 2957 890 3011 cinus
908 2958 1117 3027 temperantem
1143 2957 1186 3012 die
1204 2956 1389 3026 Vorstellung,
1415 2956 1474 3011 dale
1497 2972 1565 3012 man

328 3049 462 3103 Kummer
478 3047 566 3102 haben
583 3051 683 3115 miisse,
702 3048 794 3102 macht
812 3049 868 3101 erst
885 3048 940 3102 den
957 3048 1095 3102 Kummer.

402 3160 443 3202 or.
459 3146 573 3217 paedor]
592 3163 614 3201 a.
629 3149 644 3217 ᾖ
658 3148 693 3202 26
711 3146 755 3200 die
775 3148 859 3201 wiiste
872 3146 973 3200 Trauer
986 3146 1034 3201 des
1046 3146 1177 3214 Thyestes
1191 3147 1276 3214 (sonat
1289 3144 1370 3199 meist
1381 3144 1513 3213 squalor).
1527 3174 1565 3184 -

330 3236 506 3289 lacerationes
522 3237 668 3306 genarum]
687 3236 775 3291 Unter
791 3235 844 3290 den
858 3234 1079 3304 Bestimmungen
1092 3235 1143 3289 der
1156 3233 1335 3302 Zudlltafeln,
1354 3233 1397 3288 die
1416 3232 1565 3288 61161161-

330 3324 494 3393 einfaehung
516 3325 566 3378 der
582 3324 742 3393 Bestattung
764 3323 845 3394 (nach
869 3324 931 3378 dem
949 3324 1090 3393 Vorgange
1108 3322 1212 3391 Solous)
1236 3322 1430 3378 herheifiihren
1454 3321 1565 3390 sollten,

330 3429 386 3466 war
403 3414 472 3467 auch
491 3412 565 3466 disse
583 3412 648 3482 (016.
667 3413 700 3467 de
718 3412 770 3481 leg,
788 3412 825 3479 11,
844 3413 904 3480 59);
925 3412 1073 3480 „Mulieres
1091 3428 1172 3482 genas
1190 3428 1225 3467 ne
1243 3413 1356 3467 radunto
1374 3426 1442 3465 neve
1460 3410 1567 3465 lassum

331 3504 375 3572 (a
390 3502 530 3571 lugubrem
544 3501 724 3571 eiulationem)
742 3501 847 3555 funeris
862 3517 925 3570 ergo
944 3504 1018 3571 („um
1031 3502 1154 3571 willen“)
1171 3502 1314 3557 habento.“
1328 3532 1363 3541 —
1378 3499 1504 3570 pectoris
1524 3499 1566 3568 se·

330 3590 442 3644 minam
456 3590 655 3661 macedones]
674 3590 751 3645 Auch
770 3590 1036 3659 temperamentvolle
1054 3592 1162 3646 Redner
1179 3590 1309 3659 schlugen
1321 3590 1411 3657 Brust,
1430 3588 1567 3644 Schenhel

331 3679 387 3732 und
405 3678 503 3733 Stirne·
522 3710 557 3719 -
574 3680 641 3735 hine
658 3680 715 3749 ille]
734 3678 882 3748 elliptisch3
900 3679 963 3733 dem
981 3679 1062 3734 Sinne
1081 3680 1151 3734 nach
1171 3704 1203 3725 =
1223 3680 1239 3748 ἐ
1258 3681 1307 3735 28:
1327 3695 1383 3747 „ex
1401 3678 1452 3732 hoc
1471 3679 1499 3731 et
1517 3677 1568 3733 illa

392 3768 567 3823 laudantur“.
588 3800 622 3809 -
640 3767 818 3839 Agamemno]
837 3770 918 3824 Hom.
937 3768 969 3823 Il.
988 3769 1024 3836 X,
1044 3769 1121 3825 lle:

441 3870 529 3941 αὐτὰρ
546 3864 588 3923 ὅτ’
605 3870 633 3931 ἐς
649 3872 718 3937 νῆάς
735 3888 764 3923 τε
783 3870 842 3923 ldae
859 3873 906 3924 nal
924 3872 993 3923 λαὸν
1006 3865 1130 3940 Ἀχαιῶν,

440 3959 546 4019 πολλὰς
562 3958 593 4012 ἐκ
609 3962 729 4030 κεφαλῆς
746 3961 958 4032 προθελύμνους
975 3958 1039 4026 (von
1057 3956 1150 4011 Grund
1169 3956 1227 4025 ans)
1246 3957 1337 4012 ἕλκετο
1351 3959 1461 4027 χαίτας.

333 4053 485 4124 Accianus]
504 4053 533 4107 in
551 4053 640 4108 sinam
658 4054 756 4109 Stiiehe
774 4056 822 4109 des
839 4054 952 4123 Accius,
976 4055 1073 4109 dessen
1090 4053 1163 4109 Stoff
1184 4052 1243 4107 sich
1267 4065 1301 4107 au
1320 4049 1399 4107 Hom.
1417 4050 1449 4105 11.
1468 4048 1498 4104 X
1518 4064 1569 4105 an-

333 4143 441 4199 schlols.
461 4174 495 4185 -
513 4143 547 4197 in
564 4145 626 4214 poco]
646 4144 706 4213 „im
723 4144 850 4199 Hinbliek
868 4145 916 4198 aut
932 4143 1001 4197 ihn“
1022 4143 1067 4211 (ist
1085 4142 1173 4212 uitzig
1189 4143 1266 4212 J‘enes
1284 4141 1364 4196 Wort
1380 4141 1428 4195 des
1448 4140 1510 4207 ...).
1531 4172 1569 4181 -

333 4230 443 4302 Breuis]
469 4232 526 4287 Der
542 4232 732 4302 Borysthenite
750 4232 943 4303 (Borysthenes
962 4258 995 4277 =
1014 4231 1127 4301 Dnjepr)
1145 4242 1192 4284 um
1214 4233 1268 4287 300
1286 4247 1311 4285 v.
1331 4228 1401 4296 (ihr,
1426 4228 1476 4282 der
1492 4228 1569 4283 Hele

333 4319 382 4373 des
395 4319 496 4375 Volkes
513 4324 702 4391 entsprnngen,
720 4321 749 4375 in
768 4322 818 4375 der
830 4321 1001 4391 Philosophia
1018 4320 1172 4375 Eklehtilrer
1189 4320 1346 4389 (Kynismns
1363 4318 1418 4372 und
1432 4316 1569 4372 Hedonis-

334 4410 414 4477 mus),
432 4408 540 4477 geitselt
555 4410 584 4463 in
602 4410 695 4465 seinen
714 4412 856 4484 διατριβαὶ
873 4410 927 4465 den
939 4409 1112 4465 Unvsrstand
1130 4409 1179 4463 der
1195 4406 1356 4475 Menschen3
1375 4405 1434 4461 sein
1447 4403 1569 4462 Ilinfluss

335 4512 392 4551 war
408 4498 482 4566 grols
499 4498 558 4567 (aul
574 4498 668 4570 Varro,
686 4500 775 4554 Horae
793 4514 820 4553 u.
840 4499 883 4568 a).
