3642 5225
278 473 315 535 46
674 474 884 530 Tusculanamm
902 475 1109 544 disputationum

278 638 331 702 ille
348 640 381 702 et
395 638 644 722 praeteritarum
659 638 813 703 memoria
836 639 869 703 et
884 657 940 722 spe
956 638 1219 721 consequentium
1236 639 1389 723 sapientis
1405 640 1514 706 vitam
1620 664 1623 673 ·

278 744 430 811 refertam
453 747 555 829 putat.
600 744 689 810 Haeo
718 748 828 810 nostro
856 763 1025 810 morenos
1049 744 1202 824 diximus,
1231 746 1372 830 Epicurii
1395 747 1516 814 dicrum

278 871 344 917 suo.
391 850 454 917 Sed
477 869 559 933 quae
583 851 698 930 dicant,
721 852 896 929 videamus,
921 869 983 934 quo
1005 851 1107 931 modo,
1129 852 1346 934 neglegamus.

225 951 268 1014 16
366 958 524 1042 Principio
553 959 637 1023 mule
666 958 904 1041 reprehendunt
933 958 1252 1042 praemeditationem
1280 979 1389 1025 rerum
1417 959 1515 1028 futu-

236 1041 396 1131 ³⁴rarum
446 1065 536 1129 Nihil
565 1067 615 1130 est
643 1067 743 1144 enim,
774 1065 858 1148 quod
887 1068 956 1130 tam
980 1066 1139 1131 obtundat
1168 1066 1334 1149 elevetque
1365 1069 1514 1152 aegritu-

278 1174 385 1238 dinem
409 1191 506 1255 quum
528 1174 684 1257 perpetua
706 1173 740 1236 in
763 1173 850 1237 omni
872 1172 939 1237 vita
961 1173 1111 1254 cogitatio
1133 1173 1215 1238 nihil
1237 1192 1316 1252 esso,
1340 1175 1425 1256 quod
1440 1195 1511 1241 non

278 1281 420 1345 accidere
443 1280 554 1364 possit,
578 1299 675 1362 quam
697 1278 863 1344 meditatio
887 1278 1077 1345 condicionis
1099 1280 1268 1358 humanae,
1299 1299 1397 1364 quam
1420 1282 1528 1349 ritaef

277 1388 328 1452 lex
361 1388 650 1469 commentatioque
682 1386 830 1471 parendi,
866 1405 947 1468 quae
977 1405 1041 1451 non
1070 1387 1130 1452 hoc
1159 1386 1278 1466 adfert,
1312 1390 1350 1453 ut
1378 1406 1513 1474 semper

276 1513 486 1572 moereamus,
509 1494 565 1559 sed
588 1498 626 1559 ut
648 1512 834 1576 numquam.
879 1493 993 1576 Neque
1017 1494 1111 1572 enim,
1135 1495 1190 1576 qui
1211 1513 1320 1560 rerum
1342 1497 1510 1577 naturam,

278 1604 333 1684 qui
359 1603 444 1667 vitae
468 1602 672 1679 varietatem,
703 1601 758 1682 qui
784 1601 1037 1665 imbecillitatem
1068 1601 1193 1683 generis
1219 1601 1353 1667 humani
1375 1604 1511 1686 cogitat,

275 1711 407 1787 maeret,
431 1728 504 1773 oum
519 1708 599 1772 hoec
623 1708 750 1790 cogitat
774 1707 830 1772 sed
853 1710 926 1772 tum
941 1708 993 1772 vel
1007 1709 1144 1772 maxime
1168 1707 1342 1792 sapientiae
1359 1708 1512 1793 fungitur

275 1834 416 1880 munere.
462 1815 645 1897 Utrumque
670 1816 754 1879 enim
778 1815 999 1898 consequitur,
1028 1818 1067 1881 ut
1090 1818 1123 1880 et
1145 1815 1382 1881 considerandis
1405 1817 1509 1883 rebus
1633 1868 1637 1911 :

275 1922 424 1987 humanis
454 1922 580 2006 proprio
609 1921 826 2005 philosophiae
855 1920 982 1986 fruatur
1012 1921 1113 1986 officio
1144 1924 1177 1986 et
1205 1921 1347 1987 adversis
1375 1922 1507 1990 casibus
1633 1922 1645 2129 ἰ

275 2029 393 2113 triplici
427 2029 639 2094 consolatione
675 2030 820 2107 sanetur,
854 2029 994 2112 primum
1030 2028 1114 2111 quod
1147 2047 1240 2112 posse
1275 2029 1415 2095 accidere
1446 2030 1507 2097 diu

276 2137 435 2219 cogitavit,
458 2155 540 2219 quae
564 2137 713 2218 cogitatio
735 2156 800 2200 una
815 2137 952 2201 maxime
975 2135 1139 2200 molestius
1163 2154 1272 2201 omnes
1297 2138 1448 2202 extenuat
1472 2140 1509 2203 et

275 2243 383 2322 diluit,
414 2243 527 2308 deinde
552 2244 635 2325 quod
658 2243 801 2307 humana
823 2242 961 2307 humone
983 2242 1115 2308 ferenda
1137 2243 1310 2326 intellegit,
1340 2245 1507 2327 postremo

275 2350 361 2432 quod
384 2350 471 2415 videt
493 2350 615 2414 malum
631 2350 757 2414 nullum
773 2368 842 2414 esse
865 2350 929 2414 nisi
951 2350 1088 2434 culpam,
1111 2350 1239 2434 culpam
1255 2353 1364 2416 autem
1379 2350 1507 2418 nullam

275 2475 360 2534 esse,
390 2476 463 2522 cum
493 2457 540 2536 id,
574 2457 657 2539 quod
681 2457 721 2521 ab
750 2456 877 2522 homine
900 2475 964 2521 non
986 2457 1127 2541 potuerit
1148 2456 1322 2541 praestari,
1352 2457 1506 2524 evenerit

233 2563 360 2631 ssNum
393 2565 551 2630 revocatio
585 2565 655 2642 illa,
691 2583 789 2647 quam
819 2563 936 2643 adfert,
971 2583 1044 2630 cum
1067 2583 1086 2629 a
1110 2563 1296 2629 contuendis
1325 2583 1383 2630 nos
1406 2565 1505 2631 molis

275 2673 395 2750 avocat,
417 2673 507 2736 nulla
530 2676 588 2736 est.
632 2671 705 2736 Non
729 2674 779 2737 est
801 2673 886 2737 enim
914 2672 948 2736 in
970 2674 1080 2737 nostra
1102 2673 1264 2756 potestate
1287 2670 1505 2738 fodicantibus

273 2778 313 2842 iis
342 2779 453 2856 rebus,
488 2798 568 2860 quas
598 2779 701 2843 malas
731 2797 800 2843 esse
831 2780 1012 2863 opinemur,
1047 2779 1259 2844 dissimulatio
1286 2780 1339 2844 vel
1368 2779 1503 2856 oblivio;

273 2885 425 2963 lacerant,
447 2887 572 2964 vexant,
596 2886 742 2950 stimulos
766 2886 945 2964 admovent,
968 2887 1058 2968 ignes
1082 2885 1243 2962 adhibent,
1265 2885 1422 2969 respirare
1437 2904 1503 2951 non

274 2993 393 3057 sinunt.
437 2994 480 3057 Ilt
503 2995 540 3057 tu
557 2993 699 3057 oblivisci
721 2993 821 3071 iubes,
845 2994 928 3076 quod
945 2996 1055 3057 contra
1075 2996 1226 3057 naturam
1249 2994 1308 3070 est,
1331 2992 1395 3075 qui,
1417 2991 1504 3073 quod

273 3102 432 3165 enatura
455 3099 568 3165 datum
592 3103 650 3179 est,
674 3101 828 3165 auxilium
851 3103 1039 3182 extorqueas
1062 3100 1231 3165 inveterati
1254 3099 1393 3164 doloris?
1438 3100 1501 3164 Est

273 3206 359 3271 enim
380 3207 474 3272 tarda
496 3208 552 3272 illa
573 3207 701 3289 quidem
724 3208 890 3285 medicina,
914 3208 970 3272 sed
992 3209 1102 3272 tamen
1123 3225 1250 3290 magna,
1279 3224 1376 3288 quam
1396 3205 1504 3272 adfert

272 3312 487 3395 longinquitas
511 3317 544 3379 et
567 3313 643 3379 dies.

284 3571 286 3576 ,
342 3524 420 3594 Kap.
441 3525 492 3581 16.
532 3538 573 3579 ae.
591 3525 663 3577 molo
680 3524 884 3594 reprehendunt]
904 3524 970 3592 „ihr
987 3524 1066 3579 Tadel
1085 3524 1158 3578 trifft
1175 3523 1297 3579 sohleeht
1320 3524 1445 3594 (nicht)“.
1465 3554 1501 3565 —

270 3611 423 3682 sapientum
431 3613 689 3683 scupeturmunere]
710 3628 762 3681 „er
775 3612 869 3667 erihllt
881 3612 925 3667 die
938 3612 1060 3681 Aufgabe
1078 3613 1127 3668 der
1140 3612 1324 3682 Philosophia,
1344 3628 1375 3667 er
1387 3612 1435 3667 hat
1447 3613 1501 3667 deu

271 3700 374 3756 Genufs
388 3702 529 3770 (fiuntcc),
542 3702 614 3757 diese
623 3702 745 3771 Aufgabe
760 3701 872 3771 (efficto)
887 3701 981 3756 erfiillt
994 3720 1028 3756 zu
1040 3702 1159 3757 huben“.
1179 3734 1213 3743 -
1231 3702 1356 3757 bumana
1369 3702 1500 3773 brunone]

271 3790 327 3845 Der
344 3790 470 3845 (ledanhe
493 3792 562 3846 auch
579 3791 608 3845 in
626 3792 688 3846 dem
706 3792 747 3846 oft
765 3791 888 3847 zitiertsn
906 3792 989 3847 Vers:
1016 3793 1124 3860 „Homo
1142 3808 1217 3860 sum,
1236 3791 1346 3846 humani
1363 3790 1403 3845 nil
1422 3807 1438 3845 a
1454 3807 1500 3845 me

271 3880 388 3935 alienum
406 3883 499 3950 putot‘.
523 3882 580 3935 Auf
597 3882 641 3936 die
659 3881 782 3935 ocndmio
800 3882 925 3936 bumana
942 3881 971 3934 in
984 3881 1132 3951 Euripides'
1143 3922 1159 3951 „
1166 3880 1345 3950 Cresphontes
1351 3882 1367 3911 “
1387 3880 1419 3951 (1,
1434 3881 1499 3950 nb)

269 3986 327 4024 var
339 3969 432 4026 Cicero
446 3970 516 4024 wohl
530 3971 615 4025 durch
630 3970 755 4027 Crantore
769 3978 832 4045 περὶ
850 3978 972 4035 πένθους
990 3970 1145 4026 verviesen.
1161 4001 1195 4011 -
1213 3987 1269 4024 non
1283 3969 1403 4040 potuerit
1419 3986 1501 4039 prae·

269 4059 357 4130 amri]
377 4060 477 4129 „nicht
493 4059 522 4113 in
541 4060 630 4115 seiner
648 4059 752 4115 Gevalt
769 4061 878 4114 standt‘.

343 4162 384 4205 es.
408 4149 540 4219 fodicare]
566 4148 718 4218 „vviihlen“
743 4149 862 4219 (fodere).
886 4181 922 4190 —
947 4151 1024 4219 ipnee
1048 4149 1185 4219 abibae]
1210 4148 1261 4203 wie
1285 4150 1373 4203 sonst:
1400 4149 1499 4216 „faces

269 4237 411 4292 admovent
428 4238 540 4307 doloris;
558 4237 681 4292 incendia
698 4237 878 4306 miseriarum,
897 4237 1042 4293 stimulos“
1062 4238 1107 4309 (II,
1127 4240 1161 4295 61
1180 4238 1235 4292 und
1254 4239 1308 4307 66).
1327 4268 1363 4277 —
1386 4236 1437 4306 qai

268 4328 433 4396 cmorqsroos]
455 4326 661 4393 begriindender
678 4326 849 4382 Relativsatz.
868 4359 903 4368 -
921 4327 1066 4382 docmati
1081 4327 1193 4397 doloriq
1213 4327 1284 4395 „das
1301 4327 1351 4381 der
1367 4324 1498 4381 veraltete

269 4414 397 4469 Sohmerz
414 4415 464 4468 mit
481 4415 539 4469 sich
557 4415 676 4485 bringt“.
702 4448 736 4457 -
765 4417 952 4486 loorpinquitos
969 4423 994 4472 et
1011 4417 1079 4487 dim]
1098 4416 1253 4486 Synonyme
1271 4415 1394 4485 Begritfe
1412 4414 1499 4485 (Hen-

269 4502 418 4573 diadyoin);
444 4504 549 4573 „scits
572 4506 602 4557 in
626 4505 735 4560 solchen
759 4505 968 4576 Verbinduugen
991 4506 1071 4561 meist
1094 4505 1168 4561 dr'es:
1196 4505 1254 4560 dies
1278 4503 1371 4560 anellis
1396 4520 1498 4575 quoqeoe
