3642 5225
322 499 358 560 72
717 500 925 554 Tusculanarum
943 500 1147 569 disputationum

269 668 313 731 80
413 663 475 729 Sed
499 662 537 727 de
566 663 627 726 boc
656 663 753 736 alias;
787 681 873 726 nunc
901 661 982 726 illud
1012 662 1090 726 satis
1118 665 1182 739 est,
1217 681 1282 727 non
1310 664 1484 727 attribuere
1510 663 1554 727 ad

325 770 527 835 amissionem
550 769 725 834 amicorum
748 769 910 834 miseriam
933 771 1084 846 nostram,
1107 788 1147 832 ne
1171 769 1242 833 illos
1266 771 1347 852 plue,
1372 789 1469 853 quam
1488 771 1554 855 ipsi

323 878 431 955 velint
454 877 482 941 si
505 877 655 953 sentiant,
678 876 752 960 plus
775 878 861 941 certe
879 895 976 957 quam
998 879 1124 941 nosmet
1146 877 1232 959 ipsos
1249 876 1427 960 diligamus.
1465 877 1553 942 Nam

324 983 408 1066 quod
425 984 515 1047 aiunt
529 985 696 1067 plerosque
712 983 979 1048 consolationibus
1002 984 1079 1047 nibil
1105 985 1203 1048 levari
1219 984 1460 1067 adiunguntque
1477 1004 1554 1050 con-

324 1091 476 1155 solatores
488 1090 573 1173 ipsos
586 1090 728 1155 confiteri
740 1108 773 1154 se
786 1091 928 1167 miseros
941 1109 1014 1155 cum
1027 1091 1067 1154 ad
1080 1109 1133 1154 eos
1145 1091 1301 1173 impetum
1314 1109 1408 1154 suum
1418 1092 1555 1171 fortuna

324 1197 524 1275 converterit,
540 1199 712 1279 utrumque
729 1197 923 1261 dissolvitur.
958 1196 1041 1262 Sunt
1056 1197 1141 1261 enim
1156 1198 1220 1261 ista
1235 1217 1298 1261 non
1312 1199 1447 1262 naturae
1463 1199 1556 1277 vitia,

324 1304 377 1368 sed
395 1305 516 1388 culpae.
555 1304 735 1370 Stultitiam
751 1307 861 1369 autem
877 1323 1026 1368 accusare
1044 1304 1189 1385 quamvis
1206 1303 1328 1386 copiose
1343 1304 1426 1369 licet.
1465 1304 1553 1368 Nam

324 1411 435 1492 etqui
463 1431 527 1475 uon
557 1412 722 1490 levantur,
756 1411 819 1494 ipsi
841 1431 875 1474 sc
904 1411 944 1474 ad
968 1411 1129 1475 miseriam
1153 1411 1306 1488 invitant,
1341 1411 1451 1493 etqui
1475 1430 1553 1475 suos

323 1537 416 1583 casus
440 1518 533 1582 aliter
555 1517 671 1596 ferunt,
695 1520 791 1599 atque
815 1521 853 1582 ut
876 1521 1022 1582 auctores
1046 1518 1116 1581 aliis
1139 1518 1201 1601 ipsi
1224 1517 1364 1595 fuerunt,
1386 1537 1449 1581 non
1473 1520 1555 1582 sunt

322 1625 500 1689 vitiosiores
524 1644 621 1706 quam
651 1624 716 1689 fere
746 1625 905 1709 plerique,
930 1625 985 1707 qui
1008 1625 1095 1688 avari
1119 1643 1245 1701 avaros,
1277 1625 1396 1707 gloriae
1420 1625 1554 1708 cupidos

323 1732 451 1814 gloriosi
472 1731 717 1814 reprehendunt.
763 1732 823 1795 Est
846 1732 931 1796 enim
953 1732 1116 1815 proprium
1140 1732 1297 1797 stultitiae
1322 1733 1457 1796 aliorum
1473 1733 1553 1796 vitia

280 1854 466 1915 ricemere,
500 1838 643 1902 oblivisci
672 1857 811 1903 suorum.
859 1838 922 1903 Sed
952 1839 1102 1902 nimirum
1132 1839 1192 1903 hoc
1221 1839 1397 1902 marimum
1427 1841 1476 1902 est
1499 1858 1553 1904 ex-

323 1945 554 2028 perimentum,
577 1965 651 2010 cum
675 1949 799 2011 constet
823 1945 1055 2028 aegritudinem
1078 1947 1241 2010 vetustate
1264 1946 1350 2023 tolli,
1380 1946 1463 2010 hano
1486 1946 1554 2010 vim

323 2071 387 2116 uon
410 2071 480 2117 esse
503 2052 537 2116 iu
560 2052 610 2117 die
633 2052 779 2136 positam,
803 2052 856 2116 sed
881 2054 915 2116 in
939 2053 1129 2134 cogitatione
1153 2052 1313 2116 diuturna.
1359 2052 1443 2116 Nam
1468 2053 1495 2115 si
1519 2055 1553 2116 et

323 2159 435 2224 eadem
458 2179 509 2224 res
533 2162 584 2224 est
606 2162 639 2224 et
662 2160 746 2225 idem
771 2162 821 2224 est
843 2160 947 2237 horno,
979 2161 1033 2241 qui
1055 2161 1164 2242 potest
1187 2160 1359 2242 quicquam
1382 2159 1420 2223 de
1444 2159 1552 2224 dolore

323 2267 452 2344 mutari,
476 2268 622 2348 sineque
638 2267 677 2331 de
694 2286 739 2345 eo,
764 2267 992 2350 propterquod
1009 2267 1102 2342 dolet,
1127 2267 1299 2348 quicquam
1323 2270 1373 2331 est
1388 2268 1553 2330 mutatum

323 2391 427 2455 neque
456 2372 494 2437 de
522 2392 575 2451 eo,
607 2374 661 2455 qui
684 2374 793 2438 dolet?
839 2373 1051 2456 Cogitatio
1079 2375 1213 2456 igitur
1243 2374 1442 2438 diuturna
1471 2374 1555 2438 nihil

324 2499 394 2545 esse
416 2481 449 2544 in
472 2500 507 2545 re
530 2482 608 2545 rnali
631 2480 729 2545 dolori
753 2481 954 2559 medetur,
977 2501 1053 2545 non
1076 2482 1168 2564 ipsa
1192 2481 1462 2545 diuturnitas.

270 2586 312 2650 al
411 2587 473 2653 Hic
496 2589 575 2653 mihi
598 2587 747 2653 adferunt
769 2588 1090 2654 mediocritates.
1125 2586 1214 2667 Quae
1238 2590 1266 2654 si
1287 2588 1451 2653 naturales
1468 2592 1558 2667 sunt,

323 2872 423 2942 Ellipse
445 2889 475 2926 so
499 2872 585 2942 wenig
606 2872 729 2941 autf‘allig
751 2871 791 2925 als
816 2874 885 2926 etvva
909 2871 1484 2941 1113331183,,111111113(1313111“(ΠΙ,
1513 2875 1558 2939 1);

324 2962 488 3031 ,,Ε(11113(131
506 2979 536 3016 31
552 2962 625 3015 mich
643 2962 706 3015 oder
724 2961 767 3015 ich
786 2962 861 3014 ihu.“

394 3105 470 3174 Kap.
491 3105 546 3162 30.
582 3104 751 3174 dissolvitur]
772 3104 857 3172 „latet
874 3104 932 3158 sich
946 3103 1115 3173 widerlegeu,
1134 3103 1273 3173 widerlegt
1290 3104 1558 3171 3131110113).-

323 3195 428 3264 aetnae]
453 3194 735 3258 111111113111311113113;
761 3194 831 3248 auch
849 3194 892 3248 bei
911 3193 1003 3249 Oileus
1020 3210 1076 3248 war
1094 3210 1123 3248 es
1142 3194 1217 3248 nieht
1234 3194 1283 3247 der
1300 3193 1560 3248 unvviderstehliche

324 3284 414 3338 Druck
439 3285 485 3337 des
511 3284 623 3353 eigenen
648 3284 817 3350 Sobmerzes,
842 3285 957 3338 sondern
976 3284 1155 3338 Unverstand.
1182 3315 1216 3323 —
1241 3300 1298 3337 icon
1321 3284 1453 3353 1333111331]
1473 3283 1556 3351 „sich

323 3372 399 3426 nieht
422 3373 584 3427 erleiohtern
606 3372 724 3426 lassent‘.
752 3404 785 3412 -
810 3372 869 3441 ipsi
889 3390 919 3425 se
940 3373 977 3426 ad
998 3372 1142 3426 misacam
1164 3372 1295 3442 invitant]
1319 3372 1401 3440 „sind
1424 3373 1470 3425 fiir
1495 3372 1555 3425 sich

324 3462 407 3516 selbst
425 3460 661 3530 Eteudsapostel“;
685 3460 729 3515 die
753 3461 870 3515 miseric
888 3462 960 3516 nieht
977 3461 1016 3516 sie
1035 3479 1081 3529 an;
1108 3478 1128 3515 s.
1147 3462 1196 3529 IV,
1215 3465 1245 3518 8:
1272 3461 1476 3530 „invitabantur
1493 3460 1557 3516 ille·

325 3552 442 3606 cebris“.

397 3655 438 3697 rs.
464 3641 517 3695 sa
532 3641 681 3712 nimirum]
704 3642 778 3695 Aber
799 3641 998 3696 iiberraschend
1016 3641 1106 3695 lietert
1124 3642 1219 3711 gerade
1244 3642 1292 3696 der
1310 3640 1481 3695 Unverstand
1499 3640 1559 3707 (die

323 3731 514 3801 Beobachtung
538 3733 587 3786 der
608 3731 851 3801 Unvemtiindigen)
875 3731 955 3785 einen
980 3731 1043 3785 sehr
1067 3731 1211 3800 vviehtigen
1234 3730 1469 3798 Erfabrungssatz:
1495 3729 1557 3782 dics

323 3820 415 3875 uultis
429 3838 531 3890 quoque
547 3820 650 3875 medoi
666 3822 737 3887 colet,
758 3820 822 3875 aber
841 3837 902 3875 man
921 3822 992 3875 muts
1006 3821 1052 3875 133
1071 3820 1167 3889 richtig
1180 3822 1285 3874 tasson:
1305 3819 1380 3873 nicht
1395 3819 1459 3885 dies,
1478 3818 1557 3871 nicht

324 3916 454 3977 vetustas,
478 3910 555 3964 nicht
577 3910 764 3980 longinquitas
787 3910 915 3979 temporis
933 3910 1000 3964 heilt
1022 3910 1076 3977 sie,
1100 3910 1161 3964 weil
1185 3910 1275 3963 vveder
1296 3909 1344 3963 das
1363 3908 1463 3962 Leiden
1485 3907 1556 3961 noch

324 4001 373 4054 der
394 4000 530 4055 Leidende
555 4000 615 4054 eine
633 3999 826 4067 Verinderung
851 3999 966 4067 erfabrt,
991 4000 1106 4053 sondem
1131 3998 1174 4053 die
1197 3997 1336 4067 cogitatio,
1363 3995 1469 4050 treilich
1494 3995 1556 4049 eine

325 4092 407 4144 etwas
425 4089 516 4159 lange;
535 4089 590 4143 also
609 4088 711 4157 spricht
729 4088 798 4142 auch
812 4090 858 4142 das
872 4087 959 4155 (131111,
978 4089 1035 4143 (1313
1053 4088 1096 4143 (113
1110 4088 1249 4158 aegritudo
1263 4103 1315 4141 nur
1333 4086 1381 4140 aut
1398 4086 1447 4139 der
1459 4084 1557 4154 opinio

324 4178 430 4233 berubt.
449 4211 483 4219 -
502 4178 552 4249 qui
565 4179 662 4248 potest]
682 4177 882 4246 ,3113131131ιι

521 4345 612 4406 (tugen
630 4346 673 4393 (113
692 4344 1166 4402 111113131131131312311131311131.
1205 4338 1282 4408 (Kap.
1301 4336 1356 4405 31.)

395 4445 471 4515 Kap.
491 4446 544 4503 31.
581 4446 636 4499 Hic
658 4446 733 4500 mibi
754 4447 882 4515 adferant
905 4446 1110 4515 mediocritates]
1136 4446 1199 4515 „Da
1220 4444 1323 4513 spricht
1345 4459 1407 4497 man
1429 4442 1482 4495 mir
1503 4458 1559 4495 von

325 4532 622 4589 mittelaffertene.
655 4535 861 4605 Theophrast
879 4536 1031 4590 bestimmte
1050 4535 1099 4588 mit
1113 4534 1315 4589 Aristoteles
1333 4532 1376 4587 die
1390 4532 1499 4601 Tugend
1518 4532 1562 4585 als
