3642 5225
328 479 381 541 178
724 481 933 536 limeulanarum
951 481 1159 550 disputationum

327 644 360 709 in
388 664 513 709 summo
541 645 685 710 eruoiatu
708 646 804 726 atque
828 644 1009 723 tormentis,
1040 664 1114 709 oum
1143 645 1348 709 constituerit
1378 663 1450 709 non
1480 644 1567 710 modo

283 771 491 817 assummum
513 752 636 816 malum
660 771 729 816 esse
753 751 906 829 dolorem,
937 751 993 816 sed
1021 752 1117 816 etism
1141 752 1268 816 solum?
1314 751 1388 816 Nee
1413 770 1496 817 vero
1519 752 1566 816 ille

327 859 387 923 sibi
410 858 550 923 remedia
566 859 763 942 eomparavit
785 858 825 922 ad
846 858 1049 923 tolerandum
1065 858 1215 937 dolorem,
1237 858 1436 924 firmitatem
1464 859 1567 936 animi,

326 965 533 1049 turpitudinis
549 965 780 1041 verecundiam,
797 965 1053 1030 exercitationem
1065 965 1397 1048 eonsuetudinemque
1413 965 1567 1049 patiendi,

327 1073 512 1156 [praesepta
534 1072 755 1156 fortitudinis]
780 1072 930 1136 duritiam
953 1073 1091 1151 virilem,
1120 1073 1175 1137 sed
1203 1091 1268 1137 una
1295 1091 1330 1138 se
1355 1073 1441 1138 dioit
1466 1093 1567 1139 reeor-

326 1180 454 1244 datione
471 1180 670 1262 sequieseere
685 1180 933 1263 praeteritarum
948 1179 1171 1263 voluptatium,
1194 1181 1233 1244 ut
1256 1180 1284 1244 si
1306 1180 1383 1261 quis
1401 1183 1566 1259 aestuans,

326 1305 399 1351 eum
423 1287 489 1351 vim
512 1288 625 1352 ealoris
649 1306 711 1351 non
726 1286 818 1351 iaoile
833 1287 985 1369 patiatur,
1009 1287 1167 1351 reeordari
1190 1287 1268 1351 velit
1291 1305 1361 1352 sese
1389 1288 1567 1370 aliqnando

275 1395 278 1401 '
325 1393 359 1456 in
388 1394 536 1477 Arpinati
565 1396 673 1458 nostro
703 1394 815 1476 gelidis
845 1393 1031 1458 fluminibus
1062 1393 1291 1459 oiroumfusum
1321 1393 1437 1460 fuisse.
1497 1396 1566 1461 Non

325 1501 411 1565 enim
433 1501 537 1578 video,
568 1520 630 1583 quo
653 1500 746 1565 modo
770 1501 881 1565 sedare
903 1501 1028 1583 possint
1050 1502 1136 1566 mala
1159 1502 1340 1584 praesentia
1364 1504 1566 1586 praeteritae

281 1608 514 1691 sevoluptates.
561 1607 624 1673 Sed
648 1626 721 1672 eum
744 1609 771 1671 is
795 1607 881 1672 dieat
904 1627 1029 1691 semper
1051 1609 1183 1673 beatum
1207 1628 1276 1674 esse
1293 1610 1493 1694 sapientem,
1517 1612 1564 1676 oui

325 1715 428 1779 disere
456 1716 527 1793 hoo,
558 1715 586 1779 si
615 1715 675 1778 sibi
698 1717 844 1779 constare
873 1715 983 1793 vellet,
1012 1735 1075 1780 non
1103 1716 1226 1794 lieeret,
1257 1716 1415 1798 quidnam
1445 1718 1567 1784 faeien·

324 1822 402 1886 dum
425 1824 475 1886 est
497 1822 546 1899 iis,
570 1822 625 1904 qui
648 1821 727 1885 nihil
748 1822 968 1904 expetendum,
990 1823 1071 1887 nihil
1093 1823 1126 1887 in
1149 1823 1239 1888 bonis
1256 1823 1453 1904 dueendum,
1481 1827 1564 1909 quod

323 1929 492 1993 honestate
516 1932 636 2007 eareat,
666 1930 875 1994 existimant?
921 1930 973 1994 Me
998 1929 1127 2012 quidem
1151 1933 1279 1995 auotore
1302 1931 1405 1996 etiam
1428 1932 1565 2018 Peripa·

323 2036 413 2100 tetioi
436 2037 623 2118 veteresque
638 2036 819 2101 Aoademioi
834 2037 992 2101 balbutire
1015 2037 1185 2120 aliquando
1209 2037 1357 2102 desinant
1381 2043 1564 2124 aperteque

323 2145 357 2207 et
385 2144 472 2207 olera
499 2163 573 2209 voee
598 2144 738 2208 audeant
761 2143 863 2208 dieere
886 2144 1014 2208 beatam
1037 2145 1138 2209 vitam
1161 2145 1195 2208 in
1217 2143 1400 2210 Phalaridis
1425 2149 1563 2213 taurum

322 2250 557 2315 descensuram.

268 2342 311 2402 ²7
412 2357 484 2422 Sint
507 2358 592 2423 enim
613 2358 675 2421 tria
698 2376 814 2439 genera
837 2359 1000 2435 bonorum,
1023 2361 1061 2422 ut
1084 2359 1148 2423 iam
1172 2377 1191 2422 a
1213 2359 1337 2441 laqueis
1362 2358 1563 2441 Stoioorum,

279 2429 438 2547 ⁷⁶quibns
461 2485 557 2530 usum
579 2484 631 2529 me
653 2465 807 2548 pluribus,
831 2483 929 2546 quam
952 2466 1052 2542 soleo,
1075 2465 1239 2547 intellego,
1262 2466 1469 2546 recedamus,
1496 2471 1565 2534 sint

322 2590 397 2638 sene
420 2572 477 2637 illa
500 2591 616 2655 genera
639 2574 805 2648 bonorum,
834 2571 911 2637 dum
939 2573 1076 2655 eorporis
1104 2575 1133 2636 et
1160 2575 1290 2638 externa
1311 2573 1440 2640 iaoeant
1464 2577 1561 2642 humi

321 2683 354 2744 et
376 2683 505 2744 tantum
527 2680 629 2757 modo,
653 2682 728 2762 quia
747 2680 904 2744 sumenda
919 2680 992 2757 sint,
1016 2682 1216 2763 appellentur
1239 2682 1329 2759 bona,
1353 2682 1419 2746 alia
1442 2688 1561 2750 autem

393 2941 434 2980 rs.
459 2926 598 2994 aestuem]
623 2925 673 2993 „in
691 2925 888 2980 lieberbitze“.
913 2957 947 2965 —
972 2926 1005 2979 e'a
1022 2926 1158 2996 Arpinati
1178 2929 1279 2997 nostro]
1304 2928 1354 2981 Dis
1376 2927 1476 2984 ilteste
1502 2933 1560 2987 und

318 3015 522 3070 wirtsebaitlieb
540 3015 688 3083 wiehtigste
707 3014 852 3084 Besitzung
869 3015 977 3071 Ciceros
1000 3015 1036 3070 ist
1053 3016 1111 3070 sein
1128 3017 1256 3086 Arpinas,
1281 3016 1393 3086 gelegen
1418 3020 1467 3071 auf
1492 3022 1560 3075 dem

318 3105 411 3173 Delta,
435 3106 482 3159 das
505 3106 554 3159 der
575 3104 656 3157 lu'ihle
674 3103 804 3158 Fibrenus
827 3105 876 3157 mit
900 3105 962 3159 dem
979 3104 1156 3174 Hauptilusse
1173 3105 1244 3160 Liris
1262 3105 1434 3176 (Gamglisuo)
1458 3108 1559 3165 bildst.

317 3194 443 3263 Arpinas
473 3194 524 3248 wie
555 3194 681 3248 Isauram
713 3197 756 3262 (=
784 3194 998 3263 marmanum)
1031 3194 1099 3248 wohl
1131 3195 1272 3249 Neutrum.
1306 3226 1338 3235 -
1370 3195 1559 3271 flwniwtbus]

317 3283 465 3352 „Fluten“.
492 3316 527 3324 -
551 3284 628 3337 made
646 3283 815 3352 praeemit]
841 3283 941 3337 Diesen
965 3284 1166 3353 epilrureisehen
1184 3285 1261 3339 Trost
1282 3285 1363 3353 greift
1381 3284 1479 3341 Cieero
1505 3290 1562 3343 mit

316 3372 443 3426 Vorliebe
462 3389 510 3439 an;
529 3388 550 3426 s.
570 3390 604 3425 zu
622 3373 673 3440 IH,
691 3374 734 3428 33.

390 3475 432 3515 ss.
457 3461 501 3515 Me
524 3466 632 3515 auctore
726 3461 863 3531 desinant]
890 3462 958 3529 „iob
982 3463 1087 3517 mbehte
1110 3462 1193 3517 ibnen
1217 3465 1307 3531 ratsn,
1332 3480 1385 3518 von
1408 3464 1473 3518 dem
1500 3484 1558 3521 un-

317 3550 533 3605 verstiindlieben
551 3551 645 3605 Reden
663 3550 849 3619 abzulassen“,
871 3550 924 3620 vgl.
944 3554 959 3621 ᾗ
977 3554 1020 3607 82.
1045 3582 1080 3591 -
1105 3552 1139 3605 e'a
1156 3553 1320 3607 Pbobsre'do's
1343 3556 1467 3624 murum]
1496 3558 1558 3627 vgl.

317 3641 332 3708 ᾗ
351 3642 385 3694 16
404 3640 459 3692 und
477 3640 513 3709 H,
534 3641 581 3707 173
605 3641 674 3695 eueb
697 3641 765 3695 ohne
784 3642 948 3695 Pbabrmde‘s
967 3658 1019 3696 von
1038 3643 1099 3696 dem
1117 3642 1188 3697 Stier
1205 3644 1252 3697 des
1270 3644 1412 3711 Tyrannen
1431 3662 1466 3698 zu
1488 3663 1558 3701 ver-

316 3727 424 3795 stehen,
450 3728 478 3780 in
501 3728 632 3782 welebem
649 3729 796 3784 Mensohen
819 3747 867 3783 zur
890 3730 979 3785 Strato
1003 3730 1127 3800 lebendig
1151 3732 1297 3785 verbrannt
1320 3732 1431 3786 wurden
1457 3734 1558 3803 (Verr.

316 3817 524 3888 mmmm

315 3964 505 4038 Ubergsng
527 3990 579 4026 von
601 3978 649 4026 der
671 3978 801 4027 stoisohon
819 3978 1115 4040 Gldokseligksitslshre
1140 3992 1174 4027 au
1196 3980 1242 4028 der
1261 3979 1307 4027 der
1325 3979 1437 4040 riba-igere
1455 3980 1559 4033 Philo·

765 4068 869 4124 sophan
906 4064 948 4132 (ἓξ
966 4064 1091 4132 76-82.)

385 4158 462 4226 Kap.
483 4158 533 4214 27.
563 4172 604 4213 re.
623 4164 654 4212 ut
666 4158 736 4228 ίαφη]
752 4176 819 4227 „um
833 4159 905 4213 mieh
918 4160 1053 4214 nunmehr
1066 4160 1223 4230 (endlieh)“.
1237 4192 1272 4200 -
1286 4160 1399 4229 lupaez'e]
1414 4175 1435 4213 s.
1447 4178 1483 4215 zu
1495 4164 1553 4235 ΠΙ,

314 4247 362 4313 223
381 4248 428 4300 fiir
441 4247 533 4315 laquei
546 4247 643 4302 ebenso
657 4247 749 4316 hbuiig
762 4249 906 4318 captiones,
926 4249 1055 4318 septima,
1075 4251 1143 4303 etwa
1157 4250 1408 4318 „Fangsohliisse“;
1428 4252 1500 4315 „sed
1519 4258 1559 4309 ut

312 4350 406 4389 omnes
419 4335 484 4389 istos
498 4337 603 4390 aeuleos
617 4336 744 4406 (Staebel)
764 4339 791 4390 et
804 4339 890 4390 totum
903 4339 1050 4391 tortuosum
1065 4354 1149 4407 genus
1163 4338 1314 4407 disputandi
1327 4336 1515 4405 relinquamus
1523 4346 1552 4411 “,

313 4426 361 4478 Ae.
376 4424 413 4491 H,
428 4427 470 4481 98.
485 4456 520 4464 -
538 4425 647 4479 iueeent
660 4426 752 4495 bama]
767 4428 821 4481 fast
835 4452 867 4471 =
881 4428 957 4481 nibil
968 4429 1081 4495 adeant,
1097 4427 1136 4481 als
1150 4428 1297 4497 Gegensatz
1312 4444 1345 4481 zu
1359 4426 1465 4479 eoelum
1479 4445 1556 4485 cora·

312 4513 435 4581 tanqam
454 4530 520 4582 ganz
535 4515 630 4569 anders
644 4514 718 4569 stelit
735 4514 793 4569 sioh
807 4517 854 4571 des
867 4516 929 4571 Bild
943 4533 996 4571 von
1010 4517 1058 4570 der
1067 4517 1152 4587 Wage
1165 4518 1213 4571 des
1225 4516 1358 4571 Kritolaos
1371 4516 1426 4569 dar.
1440 4547 1474 4556 —
1495 4536 1555 4573 su·
