3642 5225
339 505 393 566 146
736 498 944 554 Tusculanarum
962 498 1170 568 disputationum

339 667 499 750 languidis
528 664 740 747 liquefaciunt
762 662 989 745 voluptatibus.
1034 662 1081 728 Ut
1103 665 1202 728 muris
1229 665 1328 747 igitur
1350 669 1577 750 tranquillitas

339 775 538 856 intellegitur
566 772 655 837 nulla
683 789 724 834 ne
754 770 887 834 minima
917 769 1046 850 quidem
1077 789 1157 834 aura
1186 770 1305 837 finctus
1340 784 1576 856 commovente,

339 884 386 947 sic
415 881 513 946 animi
542 880 670 962 quietus
700 880 734 941 et
761 878 907 960 placatus
941 879 1046 941 status
1077 879 1232 956 oemitur‚
1267 898 1341 944 oum
1369 885 1577 964 perturbatio

297 1011 325 1052 u
338 991 429 1054 nulle
451 990 516 1065 ost,
540 1005 604 1069 qua
625 984 745 1050 moveri
768 985 874 1065 quest.
921 981 1042 1061 Quodsi
1066 987 1130 1062 est,
1155 986 1210 1067 qui
1233 987 1298 1051 vim
1320 987 1481 1068 fortunae,
1515 994 1573 1073 qui

339 1097 445 1160 omnia
473 1095 630 1169 humana,
660 1110 741 1174 qnae
771 1092 885 1173 cuique
914 1090 1055 1156 accidere
1078 1095 1230 1174 possunt,
1260 1095 1438 1161 tolerabilia
1461 1097 1574 1177 ducet,

339 1223 376 1269 en
400 1221 462 1285 qno
484 1221 544 1267 nec
566 1200 663 1264 timor
686 1218 760 1264 eum
782 1217 841 1263 neo
864 1217 962 1280 angor
986 1199 1139 1280 attingat,
1169 1199 1317 1283 idemque
1341 1203 1368 1266 si
1390 1204 1470 1268 nihil
1494 1225 1574 1270 con-

339 1310 497 1393 cupiscat,
526 1308 616 1372 nulla
639 1305 789 1372 efferatur
812 1305 910 1369 animi
932 1305 1019 1369 inani
1044 1307 1224 1389 voluptate,
1255 1309 1332 1390 qnid
1363 1313 1428 1387 est,
1458 1331 1517 1376 cnr
1541 1315 1572 1378 is

337 1437 401 1482 non
424 1418 538 1481 beatus
562 1415 627 1480 sit?
651 1416 684 1479 ot
706 1413 734 1477 si
755 1413 836 1477 haec
858 1413 977 1477 virtute
1001 1412 1192 1491 efficiuntur,
1217 1414 1366 1496 quidest,
1390 1437 1447 1482 cur
1461 1419 1573 1484 virtus

337 1525 486 1608 ipseper
509 1542 543 1588 εθ
566 1541 629 1586 non
652 1520 769 1586 efficiat
791 1521 925 1584 beatos?

307 1633 326 1693 7
426 1629 468 1694 A.
503 1629 602 1710 Atqui
625 1628 763 1692 alterum
779 1626 841 1691 dici
863 1645 928 1690 non
950 1628 1065 1708 potest,
1089 1627 1166 1708 quin
1188 1627 1219 1704 ii,
1244 1628 1299 1709 qui
1314 1629 1395 1693 nihil
1409 1636 1574 1712 metuunt,

336 1738 417 1802 nihil
433 1738 601 1819 angantur,
623 1734 703 1798 nihil
723 1733 958 1815 concupiscant,
980 1733 1072 1798 nulla
1093 1733 1262 1817 impotenti
1284 1736 1409 1801 laetitia
1432 1737 1572 1803 efferen-

337 1852 405 1922 tur,
439 1844 526 1908 beati
555 1843 633 1920 sint,
666 1842 774 1923 itaque
803 1841 836 1904 id
860 1840 919 1904 tibi
942 1840 1096 1915 oonoedo;
1131 1841 1268 1906 alterum
1293 1845 1402 1908 antem
1428 1845 1493 1910 iem
1519 1848 1573 1911 in·

336 1953 464 2033 tegrum
491 1969 554 2014 non
584 1951 642 2014 est.
689 1947 909 2030 Superioribus
940 1948 1024 2011 enim
1048 1947 1315 2030 disputationibus
1343 1948 1491 2016 effectum
1517 1959 1573 2019 est

336 2077 448 2123 vacare
472 2056 559 2121 omni
582 2055 680 2121 enimi
701 2055 940 2138 perturbatione
965 2054 1151 2137 sapientem.

296 2181 325 2226 ιε
424 2163 474 2228 M.
508 2163 669 2227 Nimirum
684 2163 783 2244 igitur
799 2161 942 2226 confecta
964 2181 1015 2226 res
1039 2163 1104 2236 est;
1127 2161 1264 2226 ridetur
1278 2164 1362 2229 enim
1386 2165 1426 2229 ad
1442 2166 1570 2234 exitum

335 2273 459 2337 venisse
484 2271 637 2353 quaestio.

423 2378 464 2442 A.
499 2375 733 2460 Propemodum
756 2374 789 2438 id
813 2374 950 2457 quidem.

423 2484 472 2548 M.
507 2483 755 2548 Verumtamen
770 2482 1074 2547 mathematicorum
1096 2483 1157 2547 iste
1180 2502 1249 2547 mos
1267 2486 1324 2562 ost,
1347 2505 1410 2550 non
1427 2490 1478 2551 est
1493 2490 1570 2570 phi-

333 2593 545 2676 losophorum.
590 2591 675 2656 Nam
698 2592 877 2671 geometrae
901 2609 975 2655 oum
999 2590 1120 2672 aliquid
1143 2589 1253 2656 docere
1277 2592 1402 2671 volunt,
1432 2596 1460 2659 si
1485 2597 1565 2678 quid

334 2702 373 2764 ad
398 2719 469 2763 eam
492 2718 560 2764 rem
583 2700 723 2781 pertinet
746 2717 865 2774 eornm,
889 2716 971 2778 quae
995 2700 1069 2761 ante
1093 2698 1277 2776 docuerunt,
1299 2700 1332 2763 id
1356 2707 1489 2766 sumunt
1504 2724 1566 2787 pro

333 2825 481 2871 concesso
516 2810 549 2869 et
582 2806 731 2888 probato,
766 2804 845 2869 illud
878 2804 972 2868 modo
1003 2804 1175 2887 explicant,
1210 2805 1248 2869 de
1278 2825 1340 2888 quo
1371 2811 1445 2873 ante
1481 2812 1565 2876 nihil

333 2913 488 2995 scriptum
512 2914 576 2986 est;
600 2911 778 2994 philosophi
794 2930 1030 2993 quamcumque
1053 2930 1122 2976 rom
1144 2911 1266 2977 habent
1288 2913 1322 2977 in
1345 2916 1503 2997 manibus,
1529 2919 1568 2983 in

332 3038 404 3083 eam
428 3038 510 3101 quae
540 3018 746 3094 conveniunt,
776 3021 951 3099 congerunt
975 3018 1096 3094 omnia,
1127 3019 1188 3082 etsi
1211 3019 1273 3084 alio
1304 3021 1371 3085 lcoo
1395 3022 1568 3105 disputata

332 3131 417 3190 sunt.
464 3124 555 3204 Quod
578 3126 611 3189 ni
633 3126 680 3189 ita
703 3129 797 3202 esset,
821 3144 878 3188 cur
902 3124 1037 3201 Stoicus,
1061 3125 1088 3189 si
1112 3128 1198 3190 esset
1221 3127 1412 3207 quaesitum,
1435 3132 1566 3198 satisne

330 3390 379 3443 sitz
398 3391 446 3443 der
458 3390 580 3459 Tugend3
598 3390 717 3458 dagegon
735 3389 839 3443 wendet
857 3389 915 3443 sich
934 3390 966 3443 A.
981 3422 1015 3429 -
1035 3390 1176 3458 languidas
1193 3392 1385 3462 voluptatibus]
1405 3394 1567 3461 „ersohlat-

329 3481 410 3533 tende
429 3480 580 3533 Genusus
600 3511 634 3518 —
653 3478 843 3547 liquefaciunt]
863 3482 1063 3547 „entnerven“.

405 3591 443 3630 rr.
462 3577 584 3645 eidemque
601 3577 642 3646 si]
661 3576 844 3645 Forttiihrung
861 3591 915 3629 von
933 3576 1032 3644 (Quod)
1051 3576 1080 3630 st
1096 3583 1135 3631 cst
1152 3577 1208 3645 qut.

399 3719 478 3788 Καρ.
499 3722 528 3777 t.
565 3719 652 3787 Atqui
668 3720 785 3773 atterum
802 3719 861 3773 dui
877 3736 934 3772 nou
948 3723 1033 3788 potest
1051 3720 1130 3789 qutu]
1150 3721 1226 3788 „und
1245 3720 1314 3774 doch
1327 3722 1441 3791 (obwohl
1460 3723 1507 3778 ioh
1522 3726 1569 3781 als

328 3808 435 3877 Gegner
452 3807 529 3862 deine
548 3808 632 3876 Frage
651 3826 684 3861 zu
703 3808 849 3862 verneinen
867 3808 973 3877 geneigt
990 3807 1049 3863 sein
1067 3808 1154 3877 sollte)
1172 3809 1235 3864 urst
1253 3809 1310 3864 sich
1328 3812 1375 3865 dus
1398 3812 1459 3866 eine
1484 3814 1570 3869 nicht

326 3897 492 3966 behaupten,
511 3898 580 3952 ohne
598 3897 657 3951 dass
737 3898 826 3964 sind“,
852 3897 977 3950 letzteres
995 3897 1024 3949 in
1042 3897 1101 3951 dem
1121 3897 1217 3952 Sinne:
1241 3899 1332 3967 „ohne
1350 3900 1409 3954 dass
1427 3918 1491 3955 man
1512 3922 1564 3959 zu·

326 3986 414 4055 gleich
433 3989 491 4055 sogt
509 3988 573 4040 oder
591 3987 740 4055 rugesteht,
765 3986 824 4040 dass
905 3987 994 4040 sind“.
1023 4017 1056 4025 —
1082 3986 1219 4055 integrum
1235 4005 1292 4041 uou
1309 3990 1357 4058 est]
1377 3988 1464 4059 „liegt
1482 3992 1569 4047 nieht.

325 4076 403 4129 mehr
421 4075 450 4128 in
467 4076 551 4130 ireier
568 4075 773 4144 Entschoidung,
792 4075 828 4129 ist
845 4074 1046 4144 pr‘ctJ'udiziert“¹

401 4186 440 4231 18.
465 4173 729 4243 martumatioorum]
754 4173 810 4227 Der
828 4173 976 4243 Gegonsatz
994 4174 1128 4229 zwischen
1146 4174 1416 4230 wissensohuitlicher
1433 4178 1491 4230 und
1511 4196 1563 4247 po·

324 4262 630 4331 pulorphilosophisoher
643 4262 818 4331 Bohandlung
832 4262 902 4331 zeigt
915 4263 973 4316 sich
987 4263 1056 4317 auch
1069 4264 1097 4316 in
1111 4264 1227 4318 anderen
1240 4264 1366 4333 Epoohen
1379 4265 1428 4318 der
1437 4265 1563 4323 Geistes-

324 4350 487 4418 geschichte.
506 4383 540 4391 —
556 4353 713 4421 gewutrae]
733 4351 853 4405 dosselbe
865 4352 917 4405 wie
930 4351 1130 4419 matlumutc‘ot;
1149 4352 1191 4407 die
1210 4353 1298 4407 antihe
1312 4353 1486 4408 Mathematilr
1501 4372 1564 4412 war

324 4438 353 4490 in
377 4439 425 4491 der
441 4439 613 4507 Hauptsache
632 4440 789 4494 Geometrie.
815 4472 849 4480 -
874 4458 943 4509 quoe
960 4440 1190 4495 mouentum...
1210 4442 1315 4512 omniu]
1342 4441 1400 4510 „all
1424 4443 1478 4497 den
1497 4447 1569 4515 (zur

325 4526 419 4595 Frage)
437 4528 582 4597 gehbrigcn
600 4529 702 4583 sustu.
