3642 5225
311 537 366 596 tlt
711 539 921 594 Tusculanarum
938 539 1145 609 disputationum

311 702 518 784 languentem
546 702 677 785 reliquit
705 705 803 784 atque
825 703 894 786 ipse
917 703 1076 786 privatus,
1106 705 1144 767 ut
1167 702 1195 766 si
1223 704 1333 767 consul
1356 705 1456 782 esset,
1489 705 1549 787 qui

269 827 380 875 sarem
395 810 555 893 publicam
579 810 701 874 salvam
725 828 794 874 esse
818 810 946 886 vellent,
970 829 1004 874 se
1028 811 1119 893 sequi
1141 810 1245 875 iussit.
1279 810 1403 888 Nescio,
1427 812 1546 894 ecquid

311 917 373 1000 ipsi
399 936 457 981 nee
485 915 609 981 fortiter
636 917 670 980 in
696 935 730 981 re
753 917 880 1000 publica
902 916 1089 992 fecerimus;
1120 917 1248 1000 siquid
1275 916 1424 995 fecimus,
1455 921 1548 984 certe

310 1023 386 1087 irati
407 1042 471 1087 non
493 1023 636 1088 fecimus.
680 1025 731 1088 An
754 1025 805 1087 est
827 1024 999 1105 quicquam
1023 1025 1159 1088 similius
1182 1025 1325 1089 insaniae
1349 1043 1446 1106 quam
1469 1024 1549 1089 ira?

313 1148 410 1211 quam
439 1131 519 1195 bene
547 1130 670 1194 llnnius
700 1131 914 1208 „initium“
938 1131 1017 1194 dixit
1044 1131 1288 1208 „insaniae“.
1335 1130 1442 1208 Celer,
1473 1151 1548 1210 vex,

311 1238 409 1314 oculi,
443 1237 590 1321 spiritus,
623 1238 811 1321 impotentia
840 1238 998 1302 dicturum
1031 1256 1068 1302 ac
1099 1238 1256 1303 factorum
1287 1257 1383 1320 quam
1414 1241 1547 1322 partem

310 1344 431 1409 habent
454 1345 623 1408 sanitatis?
668 1343 752 1424 Quid
774 1343 897 1409 Achille
920 1344 1090 1409 Homerico
1113 1343 1246 1423 foedius,
1270 1344 1346 1427 quid
1369 1348 1550 1428 Agamem-

309 1471 393 1516 none
415 1453 449 1516 in
471 1452 598 1534 iurgio?
636 1451 721 1516 Nam
736 1451 865 1516 Aiacem
890 1450 1018 1532 quidem
1042 1451 1091 1516 ira
1114 1451 1154 1515 ad
1177 1451 1317 1517 furerem
1338 1454 1550 1535 mortemque

309 1559 466 1642 perduxit.
511 1559 584 1623 Non
610 1559 709 1641 igitur
736 1558 897 1623 desiderat
923 1556 1076 1623 fortitude
1107 1559 1296 1624 advocatam
1325 1559 1548 1635 iracundiam

264 1698 266 1704 ·
311 1667 389 1731 satis
418 1667 468 1730 est
490 1667 663 1743 instructa,
695 1666 823 1748 parata,
853 1667 979 1729 armata
1003 1683 1060 1748 per
1083 1684 1162 1731 sese.
1207 1665 1292 1730 Nam
1318 1667 1381 1730 istc
1410 1667 1547 1748 quidem

309 1773 403 1836 mede
418 1773 494 1836 lieet
509 1773 612 1837 dicere
635 1773 750 1837 utilem
766 1771 976 1836 vinulentiam
997 1773 1037 1836 ad
1053 1772 1281 1850 fortitudinem,
1303 1773 1417 1837 utilem
1441 1774 1547 1840 etiam

310 1879 520 1956 dementiam,
553 1879 637 1961 qued
667 1881 700 1944 et
728 1879 833 1943 insani
862 1881 895 1943 et
926 1881 1003 1944 ebrii
1031 1880 1137 1944 multa
1167 1879 1289 1944 faciunt
1321 1898 1414 1964 saepe
1444 1881 1550 1946 vehe-

308 1986 458 2051 mentius.
505 1986 637 2071 Semper
660 1987 739 2051 Aiax
762 1985 861 2064 fertis,
884 1987 1078 2052 fortissimus
1101 1988 1211 2051 tamen
1233 1987 1268 2051 in
1291 1986 1406 2052 furere.

421 2112 518 2176 Nam
546 2111 707 2177 facinus
730 2112 832 2177 fecit
857 2111 1091 2190 maximum,
1121 2131 1208 2177 cum
1231 2110 1385 2176 Danais
1414 2112 1550 2178 incli-

1216 2218 1412 2283 nantibus

422 2324 622 2390 Summam
644 2345 725 2390 rem
747 2324 942 2409 perfecit,
965 2344 1086 2389 manu
1110 2323 1182 2390 sua
1204 2325 1399 2390 restituit
1421 2327 1549 2409 prce-

1214 2433 1313 2497 lium

418 2522 645 2586 Insaniens.

307 2699 358 2767 qui
373 2716 432 2753 rem
447 2699 588 2767 publicem
605 2700 711 2752 ealcum
728 2716 784 2752 esec
800 2699 903 2768 veihai]
923 2698 973 2752 Die
992 2698 1097 2752 Fermel
1116 2699 1163 2752 des
1181 2697 1276 2752 Senats
1294 2696 1391 2752 lautet:
1411 2698 1548 2767 „videant

308 2827 360 2855 ...,
379 2804 414 2841 ne
432 2788 495 2857 quid
514 2804 558 2841 res
575 2787 681 2856 publiea
699 2787 852 2841 detrimenti
870 2788 985 2856 capiat“.

380 2890 421 2931 aa.
446 2876 503 2947 irc]
523 2877 586 2931 Hor.
607 2892 647 2945 ep.
666 2877 693 2944 I,
712 2879 741 2943 2,
761 2878 810 2932 62:
830 2876 892 2945 „ira
909 2877 986 2930 furer
1004 2876 1092 2931 brevis
1111 2878 1181 2930 est“.
1209 2907 1243 2915 -
1267 2875 1439 2947 impotentia]
1460 2877 1543 2946 „Un-

306 2966 571 3034 berechenbarheit“,
590 2967 638 3020 der
651 2966 767 3019 Zustand
781 2966 828 3019 des
842 2966 1188 3035 Unzureehnungsfahigen.
1207 2996 1242 3005 -
1260 2982 1329 3019 num
1408 2965 1544 3038 Amen]

305 3054 355 3109 Bei
372 3056 436 3111 Aias
459 3056 495 3109 ist
517 3057 564 3109 das
583 3054 777 3110 Verwerfliehe
801 3056 855 3108 und
874 3054 1039 3109 Widerliehe
1063 3055 1110 3109 des
1128 3056 1227 3109 Zomes
1251 3054 1326 3108 nicht
1351 3056 1407 3109 erst
1430 3072 1465 3109 zu
1489 3056 1541 3111 be·

304 3146 394 3213 tenen,
413 3146 485 3200 denn
502 3145 550 3197 ihn
569 3168 626 3212 ...;
645 3144 747 3213 „einen
764 3144 829 3197 Aias
846 3144 938 3212 hatja
956 3146 1024 3198 ...“.
1045 3175 1078 3183 -
1099 3144 1258 3198 advocatam
1275 3144 1464 3215 iracundam]
1484 3145 1543 3201 wic

303 3234 338 3301 V,
362 3237 429 3290 111:
455 3250 530 3302 „nen
547 3236 634 3289 ferme
652 3235 686 3288 ad
704 3233 916 3303 investigandum
940 3233 1047 3287 adhibet
1065 3232 1156 3287 oculos
1174 3232 1349 3297 advocat0s“;
1375 3232 1440 3301 „die
1458 3233 1541 3289 Hilfe

303 3326 351 3379 des
370 3327 439 3392 ...“,
465 3324 527 3391 „als
544 3323 669 3378 Helteri‘.
689 3355 723 3363 -
748 3323 801 3377 aeto
880 3322 968 3392 accde]
988 3322 1078 3376 Wenn
1096 3338 1174 3390 man,
1192 3321 1244 3375 wie
1262 3322 1312 3389 du,
1331 3321 1540 3391 Peripatetikar,

303 3414 356 3467 den
381 3413 450 3466 Zcrn
475 3413 522 3465 fiir
545 3412 665 3465 niitzlich
688 3411 752 3465 halt.
788 3412 855 3466 Dass
879 3410 971 3467 Cicero
996 3427 1025 3466 so
1050 3411 1113 3465 sehr
1137 3426 1222 3480 gagen
1244 3412 1296 3465 den
1319 3411 1408 3464 Zern
1431 3412 1540 3480 sprieht

304 3503 331 3570 (ἕ
349 3502 490 3569 48-56),
514 3500 562 3554 hat
584 3501 653 3554 auch
675 3501 753 3554 einen
772 3500 1025 3567 persdnlichen
1045 3500 1151 3553 Grund:
1178 3500 1221 3553 bei
1239 3499 1341 3553 seinem
1358 3499 1537 3570 jiihzcrnigen
1643 3539 1645 3544 -

302 3590 409 3644 Bruder
423 3589 545 3655 Quintus,
564 3590 613 3643 der
630 3588 679 3641 mit
696 3589 745 3642 der
757 3587 909 3643 Schwester
926 3589 973 3643 des
986 3589 1099 3658 Atticus,
1118 3588 1272 3657 Pomponia,
1291 3588 1455 3643 verheiratat
1468 3606 1538 3659 war,

302 3679 353 3747 gab
376 3695 406 3733 es
428 3679 560 3733 manahen
583 3679 664 3732 bdsen
682 3678 809 3745 Auftritt3
833 3677 885 3747 vgl.
905 3678 974 3732 auch
996 3678 1039 3732 die
1057 3678 1195 3747 Mahnung
1217 3677 1264 3746 llp.
1284 3678 1325 3732 ad.
1345 3677 1435 3744 Quint
1453 3678 1538 3733 fratr.

302 3768 332 3837 I,
352 3772 382 3836 1,
401 3771 451 3824 37:
470 3768 604 3836 „Omnes,
623 3768 670 3837 qui
686 3767 765 3821 istinc
784 3774 846 3835 (von
865 3767 916 3835 dir)
935 3768 1054 3835 veniunt,
1073 3768 1111 3821 ita
1128 3768 1161 3820 de
1180 3769 1226 3820 tua
1243 3766 1350 3835 virtute,
1369 3766 1539 3836 integritate,

302 3858 467 3912 humanitate
486 3859 702 3927 commemorant,
721 3859 751 3910 ut
764 3857 791 3910 in
806 3857 859 3911 tuis
877 3857 989 3910 summis
1002 3856 1123 3911 laudibus
1139 3856 1273 3924 excipiant
1286 3871 1367 3909 unam
1385 3855 1537 3910 iracun-

301 3948 391 4003 diam
471 3963 554 4016 quare
571 3947 637 4000 illud
655 3962 709 4000 nen
727 3945 881 4014 suscipiam,
899 3947 942 4013 ut,
967 3961 1034 4015 quae
1052 3946 1085 3999 de
1103 3944 1241 3998 iracundia
1257 3944 1311 3997 dici
1328 3943 1415 3998 solent
1433 3960 1449 3998 a
1468 3946 1537 4000 dec·

302 4037 411 4091 tissimis
429 4036 595 4103 hominibus,
615 4051 647 4089 ca
663 4051 736 4088 nune
754 4034 803 4088 tibi
821 4050 967 4103 exponam,
987 4050 1048 4087 cum
1067 4035 1094 4087 et
1112 4033 1191 4087 nimis
1209 4031 1304 4102 longus
1324 4048 1382 4087 esse
1399 4031 1486 4087 nolim
1507 4038 1538 4089 et

302 4144 337 4179 ex
355 4125 545 4180 multorum
564 4124 714 4193 scriptis
738 4140 770 4178 ea
787 4123 866 4177 facile
884 4123 970 4192 pessis
989 4125 1175 4192 cognoscere.“
1199 4154 1233 4162 —
1258 4121 1369 4175 Danais
1386 4120 1540 4178 inclinan-

300 4215 383 4286 tibus]
411 4216 461 4268 wie
489 4217 563 4268 sonst
586 4213 730 4267 stehender
753 4212 906 4279 Ausdrueh3
934 4212 1044 4265 Danais
1069 4211 1199 4281 impubis
1224 4227 1309 4279 „zum
1325 4209 1460 4263 Weichen
1486 4229 1538 4281 ge·

300 4304 424 4371 bracht“,
444 4303 503 4358 Abl.
523 4304 577 4357 abs.
601 4332 636 4342 —
660 4301 780 4356 restituit
858 4301 1014 4371 insaniens]
1035 4301 1085 4369 „in
1103 4301 1192 4355 seiner
1209 4300 1298 4355 Wut“
1317 4298 1435 4369 („durch
1455 4300 1542 4358 aeine

299 4392 414 4461 Wut“),
439 4392 660 4446 naehdruchsvell
685 4390 869 4460 nacbgestellt.
905 4392 984 4445 Auch
1008 4390 1051 4445 bei
1074 4389 1219 4459 Sephelrles
1243 4389 1325 4443 denht
1347 4387 1411 4441 Aias
1436 4389 1538 4460 daran,

299 4481 357 4536 sich
375 4483 454 4535 unter
472 4481 515 4536 die
533 4482 615 4536 Treer
633 4499 667 4534 zu
680 4483 803 4548 stiirzen3
822 4480 909 4535 einem
927 4480 957 4533 in
974 4479 1075 4534 diesem
1088 4480 1169 4535 Sinna
1187 4476 1414 4547 durchgeft'rhrten
1428 4477 1544 4536 Drama

298 4570 427 4625 schemen
445 4570 489 4625 die
507 4569 670 4624 iambischen
689 4569 821 4624 Ohtenare
840 4571 1010 4624 entnemmen
1029 4587 1064 4623 zu
1081 4569 1147 4622 sein.
