3642 5225
737 529 794 583 Lib.
812 530 863 598 111,
883 547 905 584 o.
925 531 1040 586 25—26.
1467 530 1503 592 00

274 692 381 758 omnia
409 691 532 757 faciunt
560 693 726 776 opinantes
758 692 806 756 ita
832 691 900 757 fieri
931 695 1083 777 oportere.
1128 693 1243 776 Itaque
1275 695 1308 758 et
1330 693 1503 759 Aeschines

274 803 308 864 in
323 800 573 865 Demosthenem
587 800 757 877 invehitur,
781 799 866 881 quod
880 800 908 864 is
933 800 1067 884 septimo
1091 800 1141 865 die
1164 803 1237 884 post
1258 800 1342 865 filiae
1366 803 1503 866 mortem

275 907 396 971 hostias
424 907 661 971 imnoievisset.
706 907 751 970 At
780 926 878 989 quam
908 907 1081 985 rhetorice,
1116 926 1214 989 quam
1248 908 1388 990 copiose,
1423 926 1503 991 quas

275 1014 451 1078 sententies
467 1015 595 1096 colligit,
619 1031 701 1095 quae
725 1014 821 1079 uerba
837 1015 1045 1096 contorquet!
1069 1016 1107 1078 ut
1129 1014 1224 1079 licere
1241 1014 1367 1097 quidvis
1383 1014 1504 1080 rhetori

275 1121 451 1203 intellegas.
503 1120 592 1200 Quae
626 1140 719 1185 nemo
752 1122 919 1205 probaret,
952 1121 1016 1185 nisi
1049 1121 1183 1186 insitum
1214 1121 1295 1186 illud
1324 1122 1358 1185 in
1388 1122 1502 1187 ommis

275 1229 473 1305 haberemus,
497 1247 605 1293 omnes
621 1228 720 1294 bonos
742 1227 876 1293 interitu
899 1247 1030 1292 suorum
1047 1247 1144 1310 quam
1160 1229 1345 1311 gravissime
1361 1247 1503 1294 maerere

274 1336 428 1418 oportere.
473 1335 521 1398 Bx
550 1335 610 1399 hoc
633 1334 754 1412 evenit,
784 1337 822 1398 ut
851 1335 883 1399 in
915 1335 1013 1399 animi
1043 1335 1202 1400 doloribus
1233 1335 1287 1399 alii
1317 1335 1503 1402 solitudines

274 1444 414 1525 captent,
437 1445 475 1506 ut
498 1442 543 1506 eit
565 1442 724 1507 Homerus
748 1442 786 1507 de
809 1442 1071 1526 Bellerophonte:

388 1566 464 1646 Qui
486 1567 609 1632 miser
631 1567 672 1631 in
694 1568 845 1651 campis
868 1585 1056 1632 maerens
1080 1567 1247 1631 errabat
1269 1567 1383 1631 Aleis

386 1674 480 1757 Ipse
504 1693 618 1738 suum
642 1693 708 1739 cor
731 1675 868 1751 edens,
890 1674 1101 1739 homiuum
1123 1674 1304 1757 vestigia
1327 1675 1472 1739 vitans.

278 1818 321 1880 Et
336 1816 439 1881 Nioba
460 1817 592 1898 fingitur
613 1815 739 1899 lapidea
761 1819 891 1900 propter
914 1819 1091 1894 aeternum,
1114 1816 1216 1894 oredo,
1238 1817 1272 1881 in
1295 1818 1388 1881 luctu
1411 1817 1507 1881 silen-

278 1924 370 1987 tium.
415 1923 581 1988 Hecubam
611 1924 720 1987 autem
748 1924 864 2006 putant
895 1925 1025 2006 propter
1055 1925 1152 1988 animi
1175 1924 1384 1988 acerbitatem
1407 1942 1508 2006 quan-

278 2031 354 2094 dam
378 2033 411 2095 et
433 2031 554 2094 rabiem
576 2031 654 2112 fingi
677 2030 710 2094 in
735 2048 846 2094 canem
870 2049 939 2094 esse
964 2048 1158 2094 conversam.
1205 2029 1289 2096 Sunt
1314 2033 1422 2095 autem
1446 2031 1508 2108 alii,

278 2156 360 2218 quos
389 2138 423 2201 in
453 2138 543 2202 luctu
573 2157 646 2202 oum
675 2138 744 2220 ipsa
775 2136 946 2201 solitudine
975 2136 1064 2217 loqui
1094 2154 1187 2218 saepe
1211 2136 1365 2213 delectat,
1394 2138 1432 2200 ut
1454 2137 1510 2200 illa

280 2243 365 2327 apud
388 2244 528 2308 Bnnium
551 2245 677 2308 nutrix:

352 2505 394 2547 oe.
419 2497 443 2546 et
460 2491 617 2560 Aeschines]
636 2490 665 2544 in
684 2490 896 2560 Ctesiphontem,
916 2492 932 2559 ὅ
953 2492 995 2545 77.
1021 2521 1054 2530 -
1079 2491 1112 2560 et]
1132 2489 1254 2558 „eueh“,
1273 2489 1323 2544 wie
1342 2489 1410 2543 Bion
1428 2505 1513 2558 gagen

281 2583 471 2649 Agamemnon.
498 2613 531 2622 -
556 2579 593 2634 Ar
610 2581 705 2651 quom]
724 2580 859 2650 Erginzc:
886 2595 938 2648 „es
956 2579 992 2634 ist
1009 2578 1110 2648 niehts,
1135 2579 1262 2634 bedeutet
1279 2577 1398 2634 sechlieh
1416 2578 1512 2648 nichts,

281 2670 365 2723 aber
384 2672 452 2724 ...“.
473 2702 505 2709 -
525 2670 664 2739 rhetorice]
684 2674 841 2745 ῥητορικῶς,
861 2670 916 2723 last
933 2685 1016 2723 unser
1034 2668 1236 2737 „rhetoriseh“,
1256 2668 1305 2722 mit
1323 2668 1394 2724 allen
1408 2667 1514 2723 Mitteln

282 2760 331 2814 der
348 2759 454 2813 Techne
472 2759 662 2827 (Bedekunst),
687 2758 740 2827 vgl.
760 2758 814 2814 Cic.
833 2759 866 2812 de
885 2774 923 2812 or.
943 2758 999 2827 III,
1025 2761 1074 2814 171
1102 2760 1145 2827 (ne
1162 2762 1369 2833 ρητορικώτερος
1386 2764 1417 2812 tc
1434 2746 1513 2827 seie);

281 2850 382 2903 cbenso
404 2849 524 2902 nachher
546 2848 647 2903 rhetori
665 2849 816 2917 „Bedner“
836 2848 922 2919 (nicht
939 2848 1043 2903 Lehrer
1065 2849 1113 2902 der
1130 2847 1354 2917 Beredsemheit),
1379 2848 1443 2903 aber
1465 2847 1516 2901 mit

282 2940 343 2991 dem
362 2938 573 3007 Nebenbegrille
593 2938 845 3007 „Wortlriinstler“;
869 2938 914 2991 bei
932 2937 1025 2993 Cicero
1043 2937 1120 2992 nieht
1136 2937 1231 2991 selten.
1256 2969 1290 2977 -
1314 2938 1393 2992 mbo
1410 2942 1515 2991 contor-

282 3029 352 3097 puel]
367 3028 418 3082 Die
428 3028 522 3081 Worte
536 3028 645 3082 werden
659 3028 709 3083 wie
719 3027 806 3081 Blitze
820 3028 885 3081 oder
894 3027 993 3096 Speere
1008 3026 1196 3096 geschleudert
1210 3026 1292 3080 bezw.
1305 3026 1516 3095 geschwungen3

282 3116 327 3169 die
346 3117 419 3171 Rede
443 3117 490 3171 des
508 3108 639 3171 Isehines
663 3117 730 3169 wind
756 3116 825 3170 auch
850 3119 925 3169 const
949 3116 989 3169 als
1015 3118 1153 3189 προπετής
1171 3114 1351 3186 (sthimisch),
1378 3118 1518 3186 εὐάγωγος

283 3206 454 3275 (zughrilftig)
468 3223 495 3259 u
510 3210 535 3259 ii.
554 3205 719 3259 bezeichnet.
739 3237 773 3245 -
792 3205 907 3274 captent]
928 3204 1032 3258 81111181
1050 3203 1089 3257 818
1103 3208 1214 3273 petoaot;
1235 3218 1286 3270 „es
1304 3203 1399 3271 drenge
1416 3203 1455 3257 sie

284 3295 500 3349 aulzusuchen“.
538 3295 591 3348 Zur
609 3294 694 3349 Sache
712 3294 766 3362 vgl.
785 3292 956 3360 Schiller,
975 3292 1142 3346 Kassandra:
1163 3292 1293 3360 „llinsam
1310 3291 1339 3343 in
1357 3290 1400 3345 die
1419 3291 1517 3346 Wiiste

285 3391 379 3453 tragen
395 3385 399 3453 Ι
415 3384 488 3438 1111118
506 3383 550 3437 ich
568 3383 641 3436 mein
659 3382 796 3452 gequilltes
814 3382 913 3435 Herz.“
934 3413 968 3421 -
993 3381 1202 3451 Bellerophonte]
1227 3379 1419 3449 Bellerophon,
1445 3380 1517 3435 Sohn

284 3474 335 3527 des
349 3473 472 3541 Glaukos,
490 3474 558 3527 tdtet
576 3472 645 3525 ohne
660 3472 772 3526 Absicht
784 3471 878 3525 seinen
890 3470 997 3525 Bruder
1011 3469 1131 3525 Belleros
1149 3471 1203 3524 und
1222 3469 1347 3524 fliiehtet.
1367 3501 1401 3510 -
1419 3469 1517 3525 Home·

286 3564 346 3632 rrae]
365 3562 466 3630 1111,
485 3563 579 3618 2011:

390 3647 431 3707 Ἠ
445 3674 488 3707 τοι
505 3654 522 3707 ὃ
539 3673 598 3707 παπ
617 3652 717 3708 πεδίον
734 3654 766 3706 τὸ
781 3648 890 3719 Ἀλήιον
907 3649 1091 3720 („Irrfold“?)
1112 3652 1169 3713 ολος
1187 3653 1273 3706 ἀλᾶτο
1291 3650 1429 3719 (errabat),

395 3745 427 3797 ὃν
445 3746 540 3817 θυμὸν
556 3743 687 3806 κατέδων,
707 3745 798 3796 πάτον
816 3744 972 3813 ἀνθρώπων
991 3744 1124 3797 ἀλεείνων.

288 3840 324 3894 hi
333 3840 433 3911 Nabla]
448 3840 524 3894 nicht
537 3839 586 3892 mit
598 3857 630 3893 err
643 3839 692 3893 hcc
705 3838 790 3893 evenit
804 3855 838 3891 zu
852 3838 1035 3907 verhniipien3
1050 3838 1118 3892 iiber·
1127 3837 1212 3892 Niobe
1222 3853 1243 3890 s.
1253 3836 1285 3891 Π.
1296 3836 1400 3903 XXIV,
1415 3836 1519 3892 eorm:

537 3933 568 3985 ἐν
586 3940 724 4003 πέτρῃσιν,
743 3931 774 3985 ἐν
791 3933 901 4003 οὔρεσιν
920 3931 1095 3983 οῐοπόλοισιν
1112 3931 1143 3983 ἐν
1160 3930 1275 3995 Σιπύλῳ

598 4024 679 4082 λίθος
696 4038 749 4091 περ
766 4021 851 4073 ἐοῦσα
870 4026 943 4074 θεῶν
961 4020 991 4073 ἐκ
1007 4018 1092 4087 κήδεα
1112 4024 1216 4073 πέσσει.

289 4115 438 4186 Hecubam
457 4116 570 4170 Behuba
587 4117 679 4169 wurde
698 4116 727 4168 in
745 4116 825 4170 einen
843 4115 925 4169 Hand
945 4115 1111 4169 verwandelt
1128 4115 1159 4184 (s.
1180 4114 1228 4170 01.
1244 4113 1309 4167 1181.
1323 4111 1402 4177 XIII,
1421 4112 1522 4181 5491),

290 4204 330 4259 818
348 4203 387 4259 818
406 4221 450 4258 am
467 4204 663 4275 1111811811111111,1
676 4204 845 4273 Polymestor
862 4205 909 4257 1111
927 4204 971 4259 die
984 4204 1153 4272 Ermordung
1170 4202 1243 4257 ihres
1256 4201 1360 4257 Sohnes
1374 4199 1523 4269 Polydorus

291 4294 381 4349 Rache
399 4310 558 4363 genoinmen
575 4294 656 4348 hatte.
684 4325 717 4334 —
741 4293 848 4363 oretria]
872 4294 905 4348 In
929 4294 977 4348 der
996 4294 1134 4361 „Iledea“
1153 4293 1201 4347 des
1220 4290 1373 4359 Euripides,
1399 4289 1442 4344 die
1461 4291 1523 4344 dem

290 4383 393 4438 Ennius
407 4400 468 4437 zum
480 4382 605 4437 Verbilde
616 4383 708 4438 diente
722 4415 756 4423 -
770 4384 819 4437 der
833 4384 953 4452 hniang:
973 4383 1106 4451 „Utinam
1124 4398 1159 4436 ne
1176 4381 1205 4434 in
1218 4396 1327 4435 nemore
1346 4379 1443 4435 Pelio“
1457 4380 1523 4433 wind

290 4473 334 4525 oft
351 4472 438 4527 zitiert
456 4473 499 4541 (de
517 4473 573 4526 lato
593 4473 609 4541 ἓ
627 4473 673 4542 35)
693 4504 735 4540 -,
754 4472 856 4541 spricht
873 4473 918 4525 die
935 4475 1032 4526 Ammo
1051 4474 1087 4541 (v.
1107 4472 1166 4539 bii:

540 4564 594 4635 lyd
612 4566 666 4637 γὰρ
684 4565 711 4625 ἐς
730 4560 806 4617 τοῦτ’
823 4559 943 4632 ἐκβέβηί
962 4564 1117 4633 ἀλγηδόνος
1134 4559 1290 4630 (soimeri),

345 4650 638 4708 &almaniscarum
669 4668 738 4709 nav.
1291 4650 1309 4705 5
