3642 5225
326 507 378 567 118
720 507 930 563 Tusculanarum
947 506 1155 577 disputationum

325 672 436 750 animi,
460 672 517 754 qui
539 672 588 735 uti
611 671 732 735 ratione
755 689 818 734 non
841 671 964 753 potest;
987 687 1045 734 nos
1069 670 1190 746 autem,
1213 671 1251 732 ut
1273 667 1425 733 testificor
1449 685 1560 751 saepe,

325 779 364 843 de
389 779 531 862 sapiente
555 778 746 860 quaerimus.
1501 757 1505 769 ,

271 872 315 934 2⁶
414 888 458 950 At
481 885 567 949 enim
590 884 745 949 aemulari
768 883 847 947 utile
871 886 934 960 est,
958 883 1151 959 obtrectare,
1172 881 1325 946 misereri.
1371 881 1436 947 Gur
1458 881 1560 946 mise-

282 961 414 1057 ⁶⁶rearc
430 992 538 1075 potius
555 1009 653 1073 quam
675 990 759 1055 feras
783 1008 884 1072 opem,
908 989 936 1053 si
958 989 990 1053 id
1006 988 1109 1054 facere
1125 989 1251 1072 possis?
1276 1007 1316 1053 an
1340 989 1407 1053 sine
1430 988 1560 1052 miseri-

326 1099 432 1164 cordia
460 1098 607 1163 libera'les
642 1117 712 1163 esse
746 1117 811 1162 non
838 1099 1032 1180 possumus?
1078 1095 1150 1160 Non
1185 1096 1270 1161 enim
1304 1096 1462 1178 suscipere
1493 1095 1559 1178 ipsi

326 1206 541 1288 aegritudines
565 1207 692 1289 propter
716 1205 793 1269 alios
817 1203 979 1281 debemus,
1002 1202 1058 1268 sed
1082 1203 1170 1280 alios,
1193 1203 1221 1266 si
1243 1221 1422 1286 possumus,
1446 1203 1558 1267 levare

326 1312 533 1394 aegritudine.
579 1310 766 1377 Obtrectare
794 1330 868 1376 vero
898 1311 992 1375 alteri
1019 1312 1077 1374 aut
1103 1310 1159 1373 illa
1185 1309 1301 1374 vitiosa
1332 1310 1560 1388 aemulatione,

328 1438 409 1501 quae
432 1419 587 1484 rivalitati
610 1418 722 1483 similis
747 1422 805 1496 est,
828 1418 984 1482 aemulari
1008 1417 1083 1499 quid
1106 1418 1203 1482 habet
1226 1417 1390 1494 utilitatis,
1414 1435 1488 1481 oum
1513 1416 1560 1480 sit

326 1526 518 1591 aemulantis
542 1526 616 1607 angi
640 1526 742 1590 alieno
764 1526 862 1602 bono,
893 1524 977 1606 quod
1000 1525 1068 1607 ipse
1096 1543 1160 1588 non
1182 1524 1315 1602 habeat,
1344 1525 1559 1589 obtrectantis

326 1636 436 1698 autem
466 1633 539 1715 angi
570 1634 672 1698 alieno
701 1634 798 1710 bono,
830 1633 915 1714 quod
943 1632 975 1696 id
1005 1632 1103 1696 etiam
1133 1632 1215 1696 alius
1246 1632 1385 1696 habeat?
1431 1629 1495 1710 Qui
1522 1631 1560 1695 id

326 1740 493 1824 approbari
515 1740 631 1823 possit,
661 1739 893 1821 aegritudinem
922 1740 1080 1822 suscipere
1103 1758 1160 1822 pro
1188 1738 1395 1822 experientia,
1424 1738 1559 1820 siquid

283 1847 443 1911 erhabere
466 1847 569 1910 velis?
590 1865 667 1911 nam
690 1847 795 1911 solum
817 1847 933 1911 habere
956 1846 1037 1910 velle
1061 1864 1187 1910 summa
1210 1846 1371 1910 dementia
1393 1848 1450 1910 est.
1485 1845 1559 1910 Me-

326 1953 509 2018 diocritates
533 1956 643 2018 autem
664 1953 822 2017 malorum
846 1953 918 2035 quis
941 1953 1072 2017 laudare
1095 1955 1180 2017 recte
1203 1952 1327 2036 possit?
1364 1951 1443 2032 Quis
1467 1953 1559 2018 eninr

325 2063 447 2144 potest,
476 2061 595 2143 inquo
623 2060 718 2125 libido
746 2059 942 2143 cupiditasve
971 2060 1027 2136 sit,
1058 2079 1121 2123 non
1143 2059 1329 2124 libidinosus
1359 2063 1391 2125 et
1419 2059 1560 2143 cupidus

326 2170 420 2232 esse?
447 2168 481 2231 in
504 2187 566 2250 quo
589 2169 650 2245 ira,
677 2186 741 2231 non
763 2167 959 2232 iracundus?
986 2167 1020 2229 in
1044 2185 1106 2248 quo
1130 2184 1241 2248 angor,
1268 2186 1332 2231 non
1356 2167 1492 2231 anxius?
1520 2167 1560 2231 in

327 2293 389 2356 quo
421 2276 532 2352 timor,
566 2294 629 2338 non
658 2274 813 2338 timidus?
859 2273 1079 2338 libidinosum
1108 2273 1207 2355 igitur
1238 2277 1270 2338 et
1299 2273 1488 2338 iracundum
1522 2277 1561 2338 et

326 2382 455 2445 arrium
478 2385 511 2446 et
527 2380 675 2445 timidum
699 2399 865 2445 censemus
889 2399 958 2445 esse
975 2381 1174 2463 sapientem?
1198 2381 1237 2445 de
1253 2383 1344 2445 cuius
1368 2381 1560 2445 excellentia

325 2489 429 2553 multa
452 2488 580 2570 quidem
604 2488 666 2553 dici
689 2488 834 2570 quamvis
863 2488 932 2552 lusa
955 2487 1084 2569 lateque
1108 2491 1258 2570 possunt,
1288 2487 1344 2552 sed
1366 2487 1559 2552 brevissime

325 2595 380 2660 illo
403 2595 505 2673 modo,
529 2596 718 2680 sapientiam
742 2614 811 2661 esse
834 2615 942 2660 rerum
963 2595 1143 2660 divinarum
1166 2597 1199 2660 et
1213 2595 1429 2659 humanarum
1453 2594 1561 2659 scien-

326 2702 406 2767 tiam
429 2703 719 2784 cognitionemque,
749 2722 830 2785 quao
854 2704 1009 2785 cuiusque
1033 2704 1079 2767 rei
1107 2721 1204 2767 causa
1227 2702 1278 2766 sit.
1322 2702 1370 2765 Ex
1393 2721 1456 2784 quo
1488 2702 1561 2766 effi-

325 2984 356 3023 er
379 2967 436 3021 sich
459 2984 506 3021 um
523 2967 732 3036 Widerspriiche
755 2966 831 3021 nicht
855 2967 1003 3034 liimmert;
1028 2966 1081 3036 vgl.
1102 2968 1117 3036 ἕ
1137 2969 1186 3023 63ε
1212 2966 1260 3036 „in
1285 2966 1371 3021 medio
1394 2967 1459 3036 (non
1483 2967 1561 3021 enim

325 3056 459 3127 sapientes
483 3057 598 3126 eramus)
621 3059 771 3110 maerors“.
809 3056 876 3110 Eine
896 3056 1066 3125 Wiirdigung
1088 3056 1136 3110 der
1158 3054 1262 3110 Stoilrer
1285 3072 1346 3110 vom
1369 3055 1560 3125 Standpunlrte

325 3147 372 3201 des
391 3146 633 3216 (Volls-)Redners
651 3145 708 3215 gibt
725 3147 766 3200 De
785 3162 822 3199 or.
842 3146 892 3212 ΠΙ,
911 3146 928 3213 ξ
948 3147 990 3201 65.

395 3289 471 3358 Kap.
487 3290 539 3347 26.
575 3303 615 3343 ao.
635 3288 672 3342 At
689 3288 773 3359 enim]
793 3289 867 3343 lber
884 3289 980 3342 andere
998 3287 1070 3342 steht
1088 3303 1117 3342 es
1135 3287 1179 3342 bei
1197 3288 1352 3341 anderen
1365 3287 1559 3356 illicitam

325 3377 397 3431 denn
410 3378 580 3447 Milsgdnnen
599 3396 621 3431 z.
635 3378 667 3432 B.
681 3378 716 3431 ist
733 3397 789 3445 ...3
809 3378 895 3445 „aber
907 3378 976 3431 doch
990 3376 1094 3444 wohl“;
1113 3377 1157 3430 ein
1170 3377 1300 3443 Einwurt,
1319 3377 1372 3430 den
1390 3375 1448 3429 sich
1462 3376 1560 3432 Cicero

325 3466 410 3519 selbst
433 3465 531 3519 macht.
556 3498 590 3507 —
615 3467 812 3520 aemulari
832 3467 985 3536 obtrectare]
1010 3470 1085 3535 ζῆλος
1104 3497 1137 3505 -
1157 3471 1304 3534 ζηλοτυπία
1327 3481 1348 3519 s.
1368 3466 1437 3533 zu§
1459 3468 1502 3521 17.
1523 3498 1559 3508 -

324 3554 476 3623 riveldete']
492 3554 689 3621 „llifersueht“
703 3554 742 3625 (in
760 3556 809 3608 der
821 3555 928 3624 Liebe);
947 3554 1000 3623 vgl.
1015 3555 1047 3608 ad
1062 3555 1151 3622 Quint.
1170 3555 1281 3609 fratrem
1294 3555 1345 3622 ΠΙ,
1360 3558 1386 3622 8,
1400 3555 1431 3610 4:
1452 3571 1560 3624 „quam

326 3658 355 3696 se
378 3644 435 3712 ipse
459 3660 551 3698 amans
573 3645 631 3698 sine
654 3643 753 3697 rivali“
773 3643 1014 3713 (spriehwdrtlich).
1040 3676 1075 3684 —
1095 3662 1148 3714 pro
1166 3644 1341 3715 experienter]
1361 3645 1448 3712 „statt
1471 3644 1561 3699 selbst

326 3733 406 3786 einen
423 3732 547 3787 Versuch
571 3750 605 3786 zu
628 3732 771 3800 machen“,
800 3732 850 3787 wic
874 3732 973 3787 vorher
992 3733 1086 3803 petiae
1110 3751 1202 3802 paam.
1231 3765 1264 3774 -
1292 3750 1360 3787 reem
1381 3733 1480 3802 sotem]
1507 3733 1560 3788 Ich

323 3821 439 3892 spreehe
461 3838 513 3875 nur
531 3838 583 3876 von
602 3823 662 3876 dem
680 3823 831 3889 aemuleri3
857 3822 948 3876 donn
972 3821 1082 3877 ailein
1104 3822 1191 3876 haben
1215 3839 1248 3875 zu
1271 3820 1368 3876 wellen
1391 3821 1559 3891 (obtrectare)

326 3912 435 3980 kommt,
454 3911 514 3965 weil
533 3911 707 3980 wahnwitzig,
726 3929 775 3980 gar
792 3911 867 3965 nicht
884 3912 911 3965 in
931 3911 1065 3965 Batracht.

399 4015 440 4055 er.
459 4000 666 4070 mediocritates]
682 4000 741 4055 Die
754 4006 938 4075 μεσότητες
955 4002 1012 4054 der
1025 4000 1281 4069 Peripatetiler.
1301 4032 1335 4039 -
1353 4000 1387 4053 ire
1400 4016 1451 4069 que
1470 4000 1561 4056 reem>

387 4090 434 4159 sit]
460 4089 528 4144 Hier
545 4090 612 4143 wird
634 4089 970 4159 voriibergehender
994 4091 1048 4143 und
1073 4090 1273 4144 dauernder
1290 4088 1385 4144 Affelrt
1407 4088 1486 4143 nicht
1511 4108 1561 4160 ge-

321 4179 466 4245 schieden3
486 4179 537 4248 vgl.
552 4181 622 4248 §22
643 4210 675 4218 —
694 4178 727 4232 in
741 4197 792 4248 que
810 4179 1108 4249 sit1wohllronzessiv
1122 4196 1155 4232 zu
1168 4180 1267 4233 tossen.
1288 4210 1322 4219 -
1340 4179 1371 4232 de
1388 4178 1561 4251 eecdteretie]

324 4268 380 4322 Das
398 4268 458 4321 Bild
482 4268 555 4323 eines
573 4268 685 4323 Weisen
708 4268 837 4322 schildert
855 4268 948 4325 Cicero
966 4270 1050 4324 diters
1069 4268 1179 4339 (defin.
1199 4269 1254 4336 111,
1281 4269 1368 4336 itt),
1394 4282 1448 4320 von
1466 4266 1563 4323 Horaz

325 4356 392 4408 wird
411 4372 440 4410 es
458 4357 584 4411 kariliert
601 4361 660 4428 (sat.
679 4358 720 4425 ΙΙ,
740 4362 769 4425 3,
788 4358 882 4426 30fi.).
902 4389 937 4398 —
956 4357 1004 4411 Ale
1022 4356 1196 4411 Kunstmittel
1217 4358 1328 4426 (fipere)
1348 4356 1414 4410 wird
1433 4354 1477 4411 die
1497 4375 1564 4412 ane·

321 4444 467 4513 ptifieetre,
487 4445 537 4499 wie
555 4446 615 4501 hier
632 4446 675 4501 die
693 4446 933 4516 Schilderung
951 4448 1010 4501 des
1029 4446 1182 4514 Weisen,
1201 4462 1284 4516 gerne
1302 4446 1492 4515 angewendet,
1513 4447 1564 4503 be·

322 4532 437 4586 aondcre
452 4534 702 4590 zumAbsehluis
716 4536 792 4591 einer
804 4536 932 4605 langaran
946 4536 1136 4605 Ausfiihrung3
1151 4552 1180 4590 so
1195 4535 1253 4591 hier
1266 4536 1315 4590 der
1329 4534 1564 4593 Affeltlehre.
