3642 5225
686 534 692 558 1
739 509 796 563 111.
815 509 866 579 ur,
885 526 908 563 c.
928 511 1042 565 11-18.
1235 507 1241 517 ·
1405 479 1408 487 ’
1470 509 1505 569 oo

274 675 324 737 tes
347 691 450 755 neque
467 672 648 755 insipientia
664 673 766 736 ullum
783 672 886 736 maius
907 673 1029 736 malum
1050 675 1114 747 est;
1138 691 1241 755 nequa
1258 675 1367 737 tamen
1383 674 1504 755 lugent.

276 778 358 859 Quid
382 780 450 844 ita?
497 779 580 859 Quia
602 780 677 844 huic
700 780 808 861 generi
830 780 990 843 malorum
1019 798 1082 843 non
1107 779 1280 862 adfingitur
1309 781 1365 843 illa
1392 779 1505 862 opinio,

274 889 400 951 rectum
416 906 485 951 esse
509 890 543 950 et
560 906 697 968 aequum
722 888 755 950 et
779 886 819 950 ad
842 885 981 950 cilicium
1005 887 1163 968 pertinere
1188 905 1281 968 aegre
1304 885 1396 963 ferre,
1421 885 1504 967 quod

276 995 401 1077 sapiens
424 994 572 1070 nensis,
602 993 686 1075 quod
710 993 795 1058 idem
819 993 1011 1075 adfingimus
1041 994 1116 1058 huic
1147 994 1355 1076 aegritudini,
1383 993 1417 1056 in
1441 1011 1504 1074 qua

275 1102 381 1166 luctus
404 1102 497 1179 inest,
521 1119 603 1183 quae
620 1101 762 1164 omnium
785 1101 926 1164 maxima
950 1103 1007 1164 cst.
1045 1101 1160 1183 Itaque
1175 1100 1364 1165 Aristotcles
1380 1101 1503 1164 veteres
1517 1119 1551 1162 co

274 1209 477 1292 philosophos
494 1227 658 1285 accusans,
683 1209 738 1290 qui
754 1208 1023 1272 existimavissent
1037 1208 1271 1291 philosophiam
1286 1208 1354 1271 suis
1370 1207 1504 1289 ingeniis

275 1335 344 1380 esse
367 1316 556 1399 perfectam,
581 1316 627 1379 ait
651 1334 703 1379 eos
728 1317 785 1378 aut
807 1315 1018 1379 stultissimos
1042 1317 1100 1378 aut
1123 1314 1366 1396 gloriosissimos
1390 1312 1505 1387 fuisse3

281 1422 336 1486 sed
361 1441 394 1487 se
410 1423 527 1496 videre,
552 1422 634 1504 quod
652 1422 762 1505 paucis
779 1422 869 1486 annis
893 1441 1012 1504 magne
1036 1422 1173 1486 accessio
1197 1421 1282 1485 facta
1306 1422 1398 1497 esset,
1420 1421 1508 1484 brevi

280 1532 425 1613 tempore
448 1530 681 1613 philosophiam
704 1530 798 1612 plane
822 1530 1001 1593 absolutam
1025 1529 1100 1593 iore.
1146 1528 1383 1612 Theophrastus
1401 1529 1508 1591 autem

281 1637 419 1701 moriens
436 1655 604 1701 accusasse
620 1638 770 1701 naturam
787 1637 912 1714 dicitur,
937 1636 1019 1718 quod
1036 1637 1136 1700 cervis
1161 1637 1193 1699 et
1216 1635 1391 1700 comicibns
1407 1635 1507 1698 vitam

277 1743 471 1818 diuturnam,
495 1762 632 1823 quorum
655 1743 687 1807 id
704 1744 785 1806 nihil
800 1744 979 1818 interesset,
1002 1743 1193 1820 hominibus
1217 1761 1353 1825 qnorum
1368 1741 1505 1806 maxime

276 1849 490 1924 interfuisset,
525 1852 594 1913 tam
624 1851 770 1930 exiguam
802 1850 902 1913 vitam
933 1850 1087 1925 dedisset,
1123 1870 1258 1932 quorum
1288 1849 1316 1914 si
1339 1852 1427 1914 aetas
1451 1867 1506 1931 po-

276 1956 395 2019 tuisset
417 1974 487 2020 esse
510 1956 720 2037 longinquior,
744 1955 889 2020 futurum
913 1955 1011 2021 irrisae
1035 1961 1073 2020 ut
1089 1957 1234 2021 omnibus
1258 1956 1407 2039 perfectis
1428 1956 1505 2020 arti-

276 2063 337 2126 bus
368 2063 454 2127 omni
478 2062 620 2127 doctrina
650 2063 815 2127 hominum
845 2064 912 2127 vita
943 2063 1130 2127 crudiretur.
1177 2063 1376 2142 Querebatur
1406 2063 1505 2144 igitur

277 2189 311 2233 se
335 2173 420 2245 tum,
453 2190 527 2234 cum
555 2171 611 2234 illa
633 2171 740 2236 videre
770 2172 943 2255 coepisset,
974 2172 1139 2253 exstingui.
1187 2170 1294 2249 Quid?
1326 2190 1363 2235 ex
1393 2171 1506 2234 ceteris

276 2277 470 2359 philosophis
493 2297 597 2342 nonne
614 2279 753 2361 optimus
777 2281 810 2342 et
834 2278 1042 2360 gravissimus
1060 2278 1194 2360 quisque
1212 2278 1380 2342 confitetur
1402 2279 1505 2342 multa

277 2402 310 2447 sc
333 2384 478 2465 ignorare
502 2387 535 2449 ct
557 2386 661 2448 multa
682 2385 742 2449 sibi
765 2386 863 2449 etiam
887 2387 984 2468 atque
1005 2387 1103 2450 etiam
1120 2405 1188 2450 esse
1205 2385 1378 2450 discenda?
1402 2404 1504 2467 neque
1518 2401 1550 2445 11

277 2492 401 2568 tamen,
432 2510 505 2555 cum
537 2510 570 2556 se
602 2492 634 2555 in
658 2493 764 2557 media
788 2494 942 2570 stultitia,
975 2513 1038 2574 qua
1060 2493 1140 2556 nihil
1164 2495 1214 2557 est
1237 2492 1343 2575 peius,
1374 2493 1505 2556 haerere

276 2597 474 2680 intellegant,
498 2599 696 2681 aegritudine
719 2603 927 2683 premuntur;
957 2600 1046 2664 nulla
1075 2600 1160 2665 enim
1185 2600 1378 2664 admiscetur
1401 2599 1504 2683 opinio

277 2704 407 2769 officiosi
423 2705 547 2770 doloris.
581 2705 673 2784 Quid,
697 2708 838 2789 quinon
861 2710 977 2791 putant
1000 2708 1174 2789 lugendum
1199 2708 1300 2771 viris?
1325 2707 1427 2789 qualis
1443 2706 1505 2770 fuit

276 2934 440 3005 insipietia
460 2977 500 2989 ...
520 2937 669 3006 aegritudo]
686 2937 737 2992 Die
751 2937 917 3007 insipientia
931 2938 1030 2992 miilstc
1043 2938 1086 2991 die
1100 2939 1200 3007 grblste
1212 2936 1351 3006 aegritudo
1366 2953 1506 3005 crzwgen,

276 3025 340 3078 aber
352 3025 399 3079 das
413 3024 448 3079 ist
462 3026 537 3079 nicht
548 3026 597 3079 der
605 3026 677 3094 rau
692 3027 777 3095 „quia
787 3027 850 3080 huic
861 3026 953 3095 generi
967 3012 1097 3080 malorum
1111 3042 1165 3079 non
1179 3026 1325 3095 adfingitur
1338 3026 1506 3094 opinio“etc.

277 3114 352 3181 oder,
371 3114 422 3167 wic
441 3130 470 3168 es
488 3116 504 3183 ᾖ
524 3117 559 3170 70
577 3114 671 3168 heilst:
692 3115 789 3182 „nulla
807 3116 878 3168 enim
898 3116 1059 3169 admiscetur
1077 3114 1164 3183 opinio
1184 3114 1333 3180 officiosi“;
1358 3113 1410 3182 vgl.
1430 3116 1445 3182 ξ
1464 3116 1506 3168 61.

349 3216 390 3256 oo.
410 3203 575 3272 Aristoteles]
595 3202 666 3257 wohl
683 3204 712 3255 in
730 3204 793 3256 dem
811 3201 971 3256 verlorenen
985 3202 1079 3271 Dialog
1098 3208 1159 3276 περὶ
1179 3207 1363 3275 φιλοσοφίας
1383 3218 1414 3256 cr
1426 3201 1508 3256 denht

276 3290 497 3345 wahrscheinlich
516 3308 551 3344 an
568 3292 611 3346 die
631 3299 752 3365 ‹pi-ocant,
771 3308 805 3345 an
819 3292 862 3345 die
874 3291 986 3345 Eleaten
1001 3292 1054 3344 und
1069 3291 1243 3345 Herakleitos.
1275 3291 1332 3345 Der
1350 3290 1508 3345 Fortschritt

276 3379 328 3433 seit
345 3380 469 3434 Schrates
494 3380 616 3434 erschien
639 3380 695 3433 ihm
719 3382 769 3434 mit
792 3381 878 3434 Recht
901 3380 1045 3449 ungemein
1068 3380 1155 3450 grois3
1179 3380 1208 3433 in
1233 3380 1282 3433 der
1299 3379 1508 3449 Untersuchung

276 3468 325 3521 der
342 3468 526 3537 Denhgesetze
551 3470 597 3523 hat
622 3486 652 3521 er
676 3469 760 3523 selbst
782 3471 836 3523 den
854 3469 999 3524 Abschluls
1024 3469 1129 3524 nahezu
1153 3468 1369 3538 harbeigefiihrt,
1395 3484 1424 3523 so
1449 3470 1509 3524 dass

276 3573 402 3612 unscrem
415 3558 522 3626 grolscn
535 3558 608 3612 liant
620 3558 680 3612 hier
697 3559 772 3613 nicht
789 3559 859 3613 allzu
872 3558 926 3613 viel
941 3576 973 3613 zu
988 3561 1036 3613 tun
1053 3559 1133 3628 iibrig
1146 3558 1224 3613 blieb.
1244 3590 1279 3598 -
1301 3558 1324 3611 Τ
1321 3559 1510 3629 teophrastus}

276 3661 297 3699 s
317 3662 340 3700 o.
361 3647 377 3714 ἕ
396 3649 439 3702 21.
475 3647 513 3701 llr
529 3648 603 3702 hatte
622 3649 691 3702 auch
709 3649 752 3703 dic
770 3649 960 3718 Forschungen
978 3650 1025 3703 des
1043 3648 1201 3703 Aristoteles
1219 3648 1287 3703 iiber
1304 3648 1435 3703 Pilanzen
1452 3649 1509 3702 und

275 3736 351 3791 llere
369 3737 526 3806 iortgcsetzt
547 3739 602 3791 und
621 3738 762 3793 erwcitert.
788 3770 821 3778 —
847 3738 1012 3809 cornicibus]
1032 3738 1147 3808 Plinius,
1170 3737 1299 3792 naturalis
1317 3738 1428 3792 historia
1444 3738 1513 3806 VII,

275 3827 324 3893 48,
351 3829 417 3882 153:
443 3827 598 3895 „Hesiodus
616 3828 716 3881 comici
734 3844 830 3882 novem
854 3831 959 3881 nostras
982 3828 1102 3882 attribuit
1127 3829 1227 3882 aetates
1246 3828 1299 3893 (die
1318 3831 1412 3898 γενεά,
1437 3827 1507 3880 nach

275 3915 324 3969 der
341 3916 385 3968 die
404 3915 536 3971 Griechcn
555 3917 716 3985 rechneten,
736 3918 831 3986 betrug
849 3920 919 3971 etwa
936 3919 989 3987 331
1007 3918 1114 3984 Jahrc),
1138 3915 1316 3985 quadruplum
1335 3917 1392 3970 eius
1411 3916 1506 3983 cervis,

274 4003 302 4056 id
326 4004 487 4072 triplicatum
511 4006 625 4059 corvis.“
651 4037 684 4046 -
711 4007 838 4074 facturum
860 4006 948 4074 fuisse
970 4012 1000 4060 ai
1022 4006 1148 4060 omnibus
1167 4005 1296 4076 perfectos
1319 4004 1436 4074 artibus]
1456 4019 1507 4072 „es

275 4092 386 4146 wdrden
409 4094 479 4148 daun
505 4094 558 4149 alle
576 4095 805 4164 Wissensgcbiete
828 4096 950 4164 (Gcbicte
974 4094 1351 4161 derKultu1·)vollhommcn
1375 4093 1507 4162 angebant

275 4181 390 4248 (Facher
470 4184 626 4251 ausgebaut)
643 4185 699 4239 und
717 4186 764 4238 das
783 4184 1009 4239 Mensehenleben
1029 4184 1114 4238 durch
1131 4184 1212 4254 J'edcn
1229 4183 1427 4252 Bildungsstcif
1445 4199 1512 4237 rer·⁴

276 4270 347 4323 edelt
365 4272 472 4325 worden
492 4272 579 4325 sein“.
600 4304 634 4313 -
652 4274 737 4327 ctiam
755 4280 834 4343 atque
851 4274 946 4343 dmm]
967 4274 1085 4341 „immor
1101 4273 1156 4327 und
1175 4272 1271 4325 immor
1288 4271 1417 4326 wieder“.
1455 4272 1512 4327 Be·-

275 4360 358 4413 kannt
375 4361 410 4414 ist
427 4362 476 4415 der
494 4362 564 4415 Vers
582 4361 689 4417 Solous:
710 4370 837 4436 γηράσκω
856 4362 884 4419 δ’
903 4370 957 4419 αἰεὶ
976 4367 1065 4418 πολλὰ
1085 4365 1295 4435 διδασκόμενος.

349 4463 389 4505 71.
414 4450 536 4520 officiosi
551 4451 662 4522 doloris]
682 4455 750 4506 etwa
769 4478 801 4497 =
821 4452 923 4506 dobras
946 4452 1038 4520 ospicio
1060 4450 1156 4518 debiti,
1183 4450 1453 4520 „pilichtsohuldig“.
1473 4482 1514 4494 *-

279 4537 366 4606 Quid,
391 4540 441 4608 qui
463 4558 521 4593 non
541 4546 643 4609 palam
706 4543 724 4611 .]
751 4541 1089 4596 Antoritdtsbeweis
1114 4541 1160 4593 ihr
1184 4540 1226 4594 die
1245 4540 1435 4595 Verkchrthsit
1459 4541 1513 4593 der
