3642 5225
745 594 803 649 uc.
822 595 856 664 v,
875 612 898 668 a.
917 597 1032 652 20-21.
1453 595 1505 658 ree

274 759 347 821 tum
370 757 530 840 ponticulo
546 757 650 839 ligneo
666 757 888 835 coniunxisset,
912 777 986 823 eum
1008 759 1124 842 ipsum,
1147 778 1221 824 cum
1244 759 1344 824 torem
1368 759 1504 825 cubiculi

275 865 449 941 clauserat,
479 865 698 947 detorquebat.
742 864 897 947 Idemque
929 884 1003 930 cum
1031 866 1065 929 in
1094 866 1315 931 communibus
1343 867 1504 950 suggestis

276 971 449 1036 consistere
472 991 536 1036 non
560 971 700 1049 auderet,
723 971 900 1036 contionari
924 990 962 1037 ex
983 973 1065 1036 turri
1089 973 1156 1037 elta
1179 974 1309 1039 solebat.
1346 976 1453 1058 Atque
1476 975 1547 1040 iseo

276 1097 350 1142 oum
377 1077 443 1162 pila
469 1078 580 1143 ludere
609 1080 705 1143 vellet
732 1078 886 1162 (studiose
915 1079 1000 1144 enim
1027 1078 1061 1143 id
1088 1079 1268 1165 factitabat)
1298 1081 1504 1164 tunicamque

274 1187 419 1267 poneret,
450 1186 700 1263 adulescentulo,
731 1204 827 1267 quem
851 1187 994 1264 amabat,
1022 1186 1191 1251 tradidisse
1215 1188 1357 1270 gladium
1382 1189 1505 1254 dicitur.

274 1291 337 1356 Hic
353 1312 426 1356 oum
442 1293 573 1374 quidam
588 1291 755 1357 familiaris
771 1293 878 1357 iocans
895 1292 1043 1357 dixisset:
1068 1293 1195 1371 „Huic
1214 1294 1376 1374 quidem
1396 1297 1504 1360 certe

275 1399 402 1463 vitam
424 1401 535 1464 tuam
559 1399 820 1477 committis“,
851 1399 1079 1481 adrisissetque
1103 1399 1304 1478 adulescens,
1332 1403 1504 1484 utrumque

274 1506 370 1570 iussit
392 1506 536 1583 interfici,
559 1507 706 1583 alterum,
731 1507 806 1588 quia
821 1506 907 1570 viam
924 1507 1208 1572 demonstravisset
1228 1507 1235 1522 ⁸
1260 1507 1429 1572 terimendi
1448 1509 1504 1586 sui,

276 1613 427 1691 alterum,
457 1613 531 1694 quia
555 1613 676 1678 dictum
704 1613 736 1678 id
764 1614 832 1678 risu
856 1613 1104 1698 approbavisset.
1149 1616 1256 1697 Atque
1285 1633 1321 1679 eo
1348 1615 1433 1680 facto
1461 1615 1507 1680 sic

276 1721 390 1797 doluit,
419 1721 499 1785 nibil
529 1723 566 1783 ut
594 1721 707 1786 tulerit
737 1721 865 1802 gravius
893 1721 927 1784 in
955 1721 1040 1796 vita3
1072 1740 1168 1803 quem
1192 1722 1277 1786 enim
1300 1722 1506 1786 vehementer

278 1829 410 1904 amarat,
433 1827 598 1891 occiderat.
645 1826 697 1892 Sia
720 1827 944 1892 distrahuntur
965 1828 999 1892 in
1022 1828 1196 1893 contrarias
1220 1830 1327 1912 partes
1350 1829 1507 1912 impoten-

277 1934 361 1998 tium
385 1934 584 2018 cupiditates.
629 1933 712 2000 Cum
735 1935 810 1998 huic
832 1935 1003 1999 obsecutus
1027 1936 1084 2013 sis,
1111 1935 1159 1999 illi
1182 1938 1232 2000 est
1254 1936 1506 2019 repugnandum.

280 2039 484 2122 Quamquam
506 2042 559 2106 hio
575 2042 703 2123 quidem
720 2044 876 2126 tyrannus
892 2042 960 2126 ipse
975 2042 1137 2119 iudicavit,
1160 2061 1257 2124 quam
1277 2045 1362 2107 esset
1384 2044 1506 2109 beatus.
1517 2029 1557 2092 2¹

278 2148 365 2213 Nam
381 2168 455 2213 cum
472 2148 602 2230 quidam
618 2167 655 2213 ex
670 2149 738 2213 eius
755 2149 1021 2227 adsectatoribus,
1045 2149 1223 2226 Damocles,
1246 2117 1549 2215 cornmemoraret⁸¹

280 2257 314 2320 in
337 2274 481 2320 sermone
505 2255 610 2339 copias
634 2256 712 2333 eius,
735 2275 820 2339 opes,
842 2256 1047 2320 maiestatem
1062 2256 1254 2334 dominatus,
1277 2275 1385 2321 rerum
1409 2258 1508 2322 abun-

281 2363 439 2440 dantiam,
473 2362 743 2446 magnificentiam
776 2363 903 2427 aedium
933 2362 1094 2445 regiarum
1128 2365 1324 2446 negaretque
1353 2382 1509 2445 umquam

280 2471 454 2535 beatiorem
471 2489 665 2552 quemquam
680 2470 787 2548 fuisse,
810 2469 957 2548 „Visne
980 2470 992 2533 i
999 2470 1145 2552 gitur“,
1167 2470 1281 2552 iuquit,
1304 2490 1344 2548 „o
1366 2471 1510 2535 Damo-

282 2579 361 2657 ole,
392 2578 581 2661 quoniam
610 2579 649 2643 te
679 2578 779 2643 haec
807 2578 892 2643 vita
923 2577 1120 2656 delectat,
1150 2578 1238 2661 ipse
1269 2597 1355 2643 eam
1385 2577 1510 2659 degu-

283 2688 393 2751 stare
422 2688 461 2750 et
487 2685 695 2750 fortunam
725 2685 905 2768 experiri
934 2687 1109 2750 meam?“
1156 2685 1238 2750 Cum
1261 2704 1295 2749 se
1318 2686 1372 2750 ille
1396 2705 1509 2769 oupere

284 2793 427 2870 dixisset,
457 2792 612 2857 conlocari
634 2792 729 2856 iussit
751 2792 913 2856 homiuem
935 2792 969 2855 in
997 2811 1092 2856 aureo
1121 2793 1204 2857 lecto
1234 2794 1336 2857 strato
1364 2793 1511 2876 pulcher-

282 2902 362 2965 rimo
390 2899 495 2965 textili
522 2900 678 2981 stragulo,
708 2898 888 2982 magnificis
917 2900 1062 2983 operibus
1093 2900 1190 2983 picto,
1221 2901 1398 2982 abacosque
1427 2919 1512 2964 com-

283 3081 342 3131 tum
438 3075 634 3145 miscuisset]
660 3075 728 3129 uach
751 3076 857 3144 flamen
880 3075 1043 3144 metanoeae
1066 3075 1130 3130 oder
1153 3079 1296 3147 ζευγνύναι
1312 3073 1513 3145 Ἑλλήσποντον

283 3165 361 3220 sollte
383 3182 446 3220 man
468 3165 596 3219 rundehst
620 3167 752 3218 erwerteu
775 3164 880 3231 fossam
902 3163 1075 3233 coniungere,
1101 3165 1156 3219 also
1173 3165 1250 3233 fosso
1272 3165 1418 3218 coadunato
1436 3170 1512 3218 troa-

283 3255 371 3308 se‘tum
388 3253 522 3323 effecisset,
542 3253 594 3323 vgl.
613 3270 662 3307 zur
680 3252 876 3324 proleptisehen
890 3253 1128 3308 Ausdruclrsweise
1146 3270 1229 3308 unser
1248 3254 1346 3322 „Bahu
1365 3253 1512 3307 brecheu‘t

284 3343 373 3399 Selbst
390 3344 654 3397 seineVerwandten
672 3343 789 3398 mutsten
808 3342 866 3397 sich
883 3360 933 3398 vor
950 3343 1036 3397 ihrem
1050 3343 1214 3397 Eusebeinen
1227 3360 1314 3411 genau
1331 3344 1514 3397 uutersuchen

284 3432 373 3487 luascu
391 3432 529 3503 (Plutarch
546 3432 616 3487 Dion
634 3435 669 3500 9).
689 3463 723 3471 -
746 3432 922 3503 moeso]
946 3433 1062 3500 „drebte
1080 3432 1241 3500 seitwdrts“,
1265 3432 1319 3487 also
1339 3432 1408 3486 wohl
1426 3433 1513 3487 Dreb-

285 3522 393 3590 briiclre,
410 3521 486 3576 nieht
503 3520 718 3591 Autzugbriioke.

359 3625 400 3668 ao.
424 3612 543 3681 paura]
572 3611 623 3666 wie
649 3610 743 3681 hdufig
768 3616 864 3665 vestm
891 3611 955 3665 oder
981 3610 1084 3665 librum
1108 3628 1214 3681 postero.
1248 3642 1282 3651 -
1313 3611 1514 3681 impotentium]

286 3701 557 3770 ,‚herrschsiiehtig“.
576 3732 610 3741 -
633 3701 702 3756 Oum
781 3701 918 3755 obsecutus
936 3700 987 3769 sta]
1008 3717 1109 3768 „wenu
1128 3718 1189 3755 man
1270 3700 1425 3770 nachgibt“.

263 3819 268 3828 ⁸
358 3828 436 3897 Kal).
457 3827 510 3884 21.
549 3839 591 3882 tt.
616 3826 762 3895 tudr'caoc't]
788 3825 920 3894 „brachte
946 3825 1003 3879 sein
1031 3824 1119 3880 Urtei]
1145 3843 1205 3879 zum
1233 3825 1394 3879 Ausdruou‘
1420 3826 1516 3894 (durch

285 3915 329 3969 die
347 3917 413 3985 rat),
431 3915 482 3970 wie
499 3914 595 3970 weiter
612 3918 695 3969 auten
713 3916 870 3970 deotorusse.
890 3948 924 3955 -
947 3915 1098 3984 Damocles]
1118 3916 1221 3990 (δᾶμος
1232 3940 1267 3960 =
1283 3918 1378 3989 δῆμος,
1397 3914 1516 3982 dorisch3

285 4005 400 4059 Vokativ
418 4005 466 4059 aut
482 4023 496 4059 a
513 4004 565 4059 wie
583 4004 712 4061 Cleanthe
729 4021 757 4059 u.
776 4006 811 4073 a.)
830 4004 937 4058 scheint
962 4004 1005 4058 ein
1029 4004 1159 4058 beliebtes
1177 4003 1292 4072 Beispiel
1315 4004 1364 4056 der
1382 4003 1517 4057 Rhetoren

286 4110 410 4164 gewesen
428 4111 463 4149 zu
480 4094 552 4162 sein;
577 4094 641 4149 Hor.
661 4111 742 4149 carm.
761 4094 816 4162 ΠΙ,
842 4099 870 4162 1,
896 4097 928 4150 lt
937 4113 943 4149 :
969 4093 1141 4161 „Destrictus
1159 4093 1231 4147 ensis
1250 4092 1293 4145 oui
1311 4108 1392 4161 super
1409 4091 1491 4161 impia
1511 4091 1515 4165 l

286 4182 399 4239 Cervius
417 4185 528 4253 pendet,
547 4200 601 4237 non
619 4183 723 4239 Sioulse
741 4185 822 4253 dapes
838 4186 842 4253 1
859 4184 974 4238 Duloem
993 4182 1166 4237 elaborabunt
1184 4197 1305 4250 saporem
1324 4183 1393 4234 etc.“
1416 4212 1451 4220 -
1474 4182 1518 4235 de-

285 4275 405 4343 gustare]
425 4272 475 4327 wie
493 4274 541 4329 das
559 4272 682 4329 einiaehe
699 4274 773 4328 Verb
791 4274 818 4327 in
838 4276 853 4342 ξ
872 4276 921 4329 13;
944 4278 1056 4342 gestato
1073 4288 1157 4341 quom
1171 4276 1279 4340 potato,
1298 4268 1406 4325 thulich
1424 4270 1519 4339 deputo

287 4364 344 4417 uod
358 4368 433 4433 puto.
458 4394 492 4403 —
517 4363 664 4433 bomtrwm]
687 4363 740 4433 agl.
760 4366 776 4433 ξ
794 4366 837 4419 57.
863 4395 897 4403 -
923 4361 1013 4416 textili
1028 4361 1159 4430 stragulo]
1185 4360 1234 4413 mit
1251 4358 1417 4429 Teppicheu,
1444 4360 1518 4427 „Go-

288 4452 374 4508 belias
380 4456 404 4520 “,
424 4452 476 4523 vgl.
495 4452 583 4520 oestab,
603 4470 625 4507 z.
640 4453 671 4506 B.
686 4453 751 4507 Hor.
766 4454 814 4505 sat.
829 4452 866 4520 II,
881 4454 906 4520 6,
921 4452 1011 4507 1oeff.
1045 4451 1107 4505 Ihre
1122 4448 1286 4504 Stiekereien
1301 4451 1392 4517 (opero
1409 4448 1519 4518 magni·

287 4542 355 4612 fico)
374 4543 482 4597 werden
499 4540 561 4596 teila
579 4541 756 4610 Ornamente,
780 4540 841 4595 tells
858 4540 984 4594 bildliohe
1003 4538 1210 4608 Darstellungen
1232 4554 1356 4607 geweseu
1378 4538 1451 4605 sein3
1476 4535 1520 4589 die

288 4630 446 4687 erbaltenen
473 4630 699 4686 Bodenmosailen
726 4634 822 4699 mogen
849 4630 936 4683 daven
963 4629 1024 4684 eine
1051 4628 1224 4698 Vorstellung
1253 4628 1340 4698 geben
1370 4629 1401 4697 (s.
1430 4627 1563 4685 Bau-„1
