3642 5225
735 540 792 596 Lib.
811 541 862 609 111,
882 557 904 598 o.
924 543 1038 597 22—23.
1466 539 1503 601 ba

275 704 474 786 Karthagine
496 704 586 769 misit
608 703 791 769 consolandi
813 722 911 769 causa
941 703 981 768 ad
1004 704 1146 788 captivos
1171 703 1255 769 cives
1286 722 1378 778 suos;
1408 703 1443 766 in
1466 722 1502 768 eo

276 814 326 876 est
348 811 522 894 disputatio
550 810 669 894 scripta
692 809 880 889 comendis,
911 829 1009 893 quarn
1039 829 1073 876 se
1104 811 1150 875 ait
1178 810 1212 875 in
1235 810 1502 878 commentarium

274 919 446 983 rettulisse.
497 916 578 984 Cum
612 918 659 982 ita
692 917 831 1001 positum
865 919 967 996 esset,
1000 917 1100 982 rideri
1133 916 1199 982 fore
1234 918 1268 981 in
1303 917 1502 1000 aegritudine

276 1025 454 1109 sapientem
482 1025 586 1107 patria
617 1027 725 1108 capta,
756 1043 837 1107 quae
868 1023 1048 1091 Carneades
1078 1026 1189 1089 contra
1219 1025 1348 1102 dixerit,
1383 1025 1502 1108 scripta

276 1135 360 1197 sunt.
404 1132 507 1196 Tanta
529 1132 629 1214 igitur
651 1132 846 1197 calamitatis
874 1132 1052 1215 praesentis
1077 1131 1246 1197 adhibetur
1274 1131 1501 1216 aphilosopho

275 1239 448 1318 medicina,
472 1240 593 1320 quanta
615 1239 811 1304 inveteratae
834 1257 874 1303 ne
897 1238 1097 1303 desideratur
1121 1238 1265 1321 quidem,
1295 1257 1368 1316 nec,
1393 1238 1421 1303 si
1444 1238 1501 1303 ali-

275 1348 354 1430 quot
377 1346 468 1411 annis
490 1347 563 1430 post
585 1345 671 1410 idem
693 1345 747 1410 ille
770 1346 850 1410 liber
873 1345 1006 1429 captivis
1036 1346 1155 1410 missus
1186 1347 1286 1423 osset,
1315 1345 1500 1410 vulneribus

275 1454 472 1532 mederetur,
504 1454 559 1519 sed
591 1454 798 1519 cicatricibus.
845 1453 972 1518 Sensim
1001 1453 1086 1518 enim
1115 1456 1149 1518 et
1177 1452 1407 1537 pedetemptim
1429 1470 1501 1535 pro·

275 1561 420 1644 grediens
444 1563 634 1626 extenuatur
657 1561 761 1639 dolor,
787 1580 851 1626 non
875 1580 938 1644 quo
960 1561 1030 1644 ipsa
1053 1579 1104 1625 res
1127 1560 1295 1625 immutari
1318 1559 1421 1624 soleat
1443 1561 1501 1623 aut

275 1668 386 1752 possit,
410 1669 466 1734 sed
489 1669 537 1747 id,
561 1668 645 1751 quod
666 1669 747 1733 ratio
772 1667 940 1746 debuerat,
970 1687 1049 1732 usus
1072 1667 1179 1746 docet,
1211 1667 1337 1732 minora
1360 1684 1429 1730 esse
1454 1683 1501 1743 ea,

275 1793 357 1856 quae
381 1776 446 1838 sint
468 1776 536 1840 risa
557 1776 686 1840 maiora.
1488 1782 1491 1788 “

363 1880 448 1960 Quid
474 1900 548 1963 ergo
571 1900 650 1964 opus
674 1883 731 1960 est,
755 1882 838 1946 dicet
861 1883 986 1964 ahquis,
1014 1883 1136 1948 ratione
1161 1884 1218 1947 aot
1240 1882 1368 1946 omnino
1391 1870 1553 1946 conso-2⁸

274 1988 393 2053 latione
409 1989 473 2064 illa,
497 2007 561 2070 qua
583 1989 722 2053 solemus
745 1990 802 2066 uti,
825 2009 899 2054 cum
921 1991 1027 2055 levare
1051 1989 1191 2054 dolorem
1215 1989 1428 2054 maerentium
1447 2006 1496 2052 vo·
1512 1957 1544 1999 ⁵⁶

276 2097 407 2159 lumus?
442 2095 501 2160 hoo
530 2096 612 2160 enim
638 2095 703 2161 fere
731 2098 803 2160 tum
825 2097 980 2161 habemus
1003 2097 1036 2160 in
1059 2099 1224 2180 promptu,
1254 2095 1334 2158 nihil
1357 2096 1501 2178 oportere

278 2203 479 2286 inopinatum
507 2202 623 2277 rideri3
658 2205 715 2267 aut
744 2203 800 2284 qui
828 2203 1026 2268 tolerabilius
1056 2202 1138 2267 feret
1164 2201 1416 2279 incommodum,
1447 2200 1502 2282 qui

275 2312 456 2393 cognoverit
476 2328 605 2374 necesse
630 2328 699 2374 esse
722 2310 843 2374 homini
866 2310 931 2375 tale
955 2309 1075 2393 aliquid
1100 2309 1266 2374 accidere?
1312 2309 1401 2372 Haec
1416 2307 1501 2372 enim

276 2417 375 2482 oratio
400 2417 438 2482 de
467 2416 537 2500 ipsa
567 2435 693 2481 summa
716 2418 794 2481 mali
816 2417 896 2481 nihil
919 2417 1074 2495 detrahit,
1104 2419 1234 2482 tantum
1264 2415 1357 2480 modo
1388 2414 1501 2492 adfert,

274 2524 354 2588 nihil
377 2524 528 2601 evenisse,
552 2523 635 2605 quod
658 2542 722 2587 non
745 2524 939 2607 opinandum
962 2524 1084 2588 fuisset.
1129 2524 1242 2606 Neque
1267 2526 1376 2587 tamen
1400 2540 1500 2605 genus

271 2807 399 2861 Biichem
418 2809 475 2877 (Ac.
495 2823 534 2875 pr.
552 2806 594 2875 ΙΙ,
619 2808 663 2875 16)
682 2807 737 2860 und
756 2808 832 2861 stand
856 2807 905 2860 mit
922 2808 1078 2861 namhatten
1096 2807 1215 2863 Rdmern
1237 2808 1266 2860 in
1284 2807 1446 2876 Beziehung.
1466 2837 1501 2845 —

271 2896 494 2970 666666616νὶ61]
513 2896 578 2964 „die
592 2896 798 2966 Autzeiohnung
812 2897 860 2951 dor
876 2897 982 2952 16166166
1001 2898 1223 2967 (Lehrvortrage),
1242 2896 1360 2950 lrleinere
1374 2895 1500 2950 Abhand-

271 2986 366 3055 lung“,
386 2986 430 3040 ein
444 2986 571 3054 „Essay“
586 2987 764 3060 (σύνταγμα),
785 2990 938 3060 ὑπόμνημα
952 2987 1016 3040 oder
1032 2989 1297 3061 ὑπομνηματισμός;
1316 3000 1337 3038 s.
1348 2985 1439 3038 deofl.
1450 2984 1500 3051 ΠΙ,

271 3078 337 3130 121:
357 3075 407 3142 ,hi
425 3074 473 3128 tibi
491 3076 547 3128 tres
565 3074 625 3128 libri
642 3075 714 3129 inter
732 3074 849 3143 Cratippi
868 3076 925 3144 (des
937 3075 1052 3129 Lehrors
1071 3076 1117 3128 des
1135 3076 1235 3143 jungen
1254 3073 1346 3128 Cicero
1365 3073 1394 3125 in
1412 3073 1502 3127 Athen

270 3166 307 3219 44
315 3182 340 3216 v.
351 3164 426 3230 Chr.)
435 3164 638 3217 commentarios
652 3166 788 3233 tamquam
800 3163 919 3231 hospites
933 3166 1013 3217 erunt
1025 3163 1206 3232 recipiendi“;
1220 3163 1260 3216 oft
1273 3163 1301 3215 in
1315 3162 1367 3216 den
1376 3162 1501 3215 Briefen:

218 3261 220 3263 ’
272 3252 406 3322 „Multum
421 3252 518 3318 mihit‘,
533 3251 651 3306 schreibt
664 3252 712 3305 der
724 3253 806 3321 junge
820 3251 913 3307 Cicero
928 3268 962 3305 an
975 3251 1034 3306 Tiro
1054 3252 1087 3304 ad
1100 3253 1164 3305 fam.
1179 3251 1255 3317 XVI,
1270 3253 1314 3317 21,
1328 3253 1354 3317 8,
1370 3250 1503 3318 „eripitur

271 3357 368 3410 operae
391 3341 418 3393 in
438 3341 618 3394 exscribendis
636 3341 851 3409 hypomnematis
869 3339 1136 3409 (Kollogienheite)“.
1147 3330 1190 3379 '—
1214 3339 1282 3394 0666
1297 3340 1420 3408 positam
1437 3344 1503 3394 61161

271 3431 372 3499 calderi]
392 3429 461 3484 nach
479 3431 528 3483 dor
545 3430 691 3499 Wendung
704 3446 804 3498 ponere
821 3429 957 3495 16161666,
981 3430 1012 3482 de
1030 3446 1081 3497 quo
1100 3429 1163 3497 quio
1180 3429 1278 3483 audire
1295 3430 1368 3483 661161
1387 3429 1443 3499 „da
1457 3428 1502 3501 die

271 3520 356 3574 mese
369 3518 470 3577 lautete
491 3522 558 3571 ...“.
578 3550 612 3558 -
630 3519 788 3587 nudaretur]
802 3519 961 3586 Fortdauer;
979 3518 1161 3572 dieWunden
1178 3518 1238 3572 sind
1251 3519 1385 3573 vernarbt.
1405 3549 1439 3557 -
1457 3536 1502 3589 pc·

272 3608 437 3678 1161666116]
457 3608 528 3677 „mit
545 3608 597 3662 den
611 3607 712 3661 Fdlsen
731 3608 866 3677 tastend“,
885 3607 946 3661 hier
963 3624 1024 3661 vom
1038 3606 1166 3661 Sohmerz
1185 3607 1235 3661 wie
1254 3608 1347 3678 h'aufig
1365 3625 1418 3663 von
1437 3608 1502 3663 Per·

273 3714 370 3766 sonen;
395 3697 448 3767 rgl.
468 3697 707 3767 „pedetemptatim
731 3698 758 3750 et
776 3698 867 3751 sedato
890 3697 973 3751 111111ιι
991 3696 1034 3765 ΙΙ,
1053 3699 1096 3753 48.
1123 3728 1157 3737 -
1182 3699 1334 3768 6111666666]
1354 3697 1503 3767 Gegensata

271 3805 376 3857 auom,
395 3787 538 3856 ampliore.
558 3818 593 3827 -
611 3787 694 3858 rotro]
713 3786 797 3841 Nicht
809 3786 909 3841 sowohl
924 3786 967 3841 die
981 3787 1039 3841 Zeit
1057 3787 1132 3855 (dics,
1151 3787 1209 3841 61161
1223 3788 1376 3857 promens,
1396 3788 1502 3857 166616-

274 3878 372 3947 661161,
392 3883 515 3944 66161161,
534 3880 612 3946 moos)
632 3878 687 3931 und
700 3877 750 3931 der
761 3876 882 3930 Hinweis
896 3878 944 3930 aut
956 3878 1004 3931 das
1018 3876 1206 3931 Mensohenlos
1220 3875 1259 3931 als
1273 3876 1316 3930 die
1330 3877 1439 3943 66116,
1459 3878 1502 3931 die

272 3966 484 4035 philosophischo
503 3968 669 4035 Autfassung
687 3967 735 4020 des
753 3966 849 4020 leides
867 3966 923 4020 und
941 3966 989 4020 des
1006 3966 1257 4020 Mensohenwesens
1275 3966 1437 4034 uberhaupt,
1456 3966 1503 4021 be-

275 4056 352 4109 wirkt
370 4057 429 4110 eine
447 4055 653 4125 Erleichterung
670 4056 720 4109 der
737 4054 919 4110 Kiimmernis,

343 4214 420 4283 Kap.
441 4215 494 4273 23.
525 4228 566 4269 oa.
584 4216 714 4269 babemus
727 4216 761 4269 16
770 4217 910 4286 promptu]
926 4215 958 4269 16
968 4220 1099 4286 promptu
1112 4214 1207 4269 dobere
1221 4254 1236 4282 „
1243 4214 1329 4268 bereit
1341 4214 1429 4268 haben
1435 4217 1459 4266 ‘t
1469 4246 1502 4255 —

271 4303 326 4373 quos
346 4304 524 4373 tolerabilius]
551 4305 624 4371 „wie
647 4304 761 4360 leichter
779 4306 872 4359 ...?“
899 4306 949 4361 wie
971 4306 1004 4360 ad
1026 4306 1090 4360 tam.
1113 4304 1174 4371 XV,
1194 4305 1237 4371 20,
1257 4305 1289 4358 2:
1317 4303 1504 4374 „aliquantum

273 4392 327 4447 olei
350 4393 487 4463 addidisti,
516 4410 567 4463 quo
592 4393 755 4449 tolerabilius
781 4397 901 4449 feramus
928 4394 1074 4464 igniculum
1102 4393 1228 4449 desiderii
1253 4393 1324 4447 tui“.
1350 4424 1384 4435 -
1412 4394 1504 4463 Neque

334 4498 391 4536 666
412 4483 491 4552 volet]
516 4483 593 4552 „und
615 4483 684 4538 doch
707 4483 742 4537 ist
759 4483 834 4537 nicht
852 4484 1044 4551 unwirhsamt‘,
1070 4484 1142 4538 disse
1161 4485 1211 4537 Art
1230 4485 1275 4552 (zu
1292 4482 1444 4552 jemanden)
1470 4500 1504 4537 zu

273 4571 414 4640 spreohen.
