<?xml version="1.0" encoding="UTF-8"?>
<!DOCTYPE html PUBLIC "-//W3C//DTD XHTML 1.0 Transitional//EN"
    "http://www.w3.org/TR/xhtml1/DTD/xhtml1-transitional.dtd">
<html xmlns="http://www.w3.org/1999/xhtml" xml:lang="en" lang="en">
 <head>
  <title>
</title>
<meta http-equiv="Content-Type" content="text/html;charset=utf-8" />
  <meta name='ocr-system' content='tesseract 3.04.00' />
  <meta name='ocr-capabilities' content='ocr_page ocr_carea ocr_par ocr_line ocrx_word'/>
</head>
<body>
  <div class='ocr_page' id='page_1' title='image "./mtulliiciceroni71cicegoog/mtulliiciceroni71cicegoog_0189.png"; bbox 0 0 3642 5225; ppageno 0'>
   <div class='ocr_carea' id='block_1_1' title="bbox 317 434 1509 602">
    <p class='ocr_par' dir='ltr' id='par_1_1' title="bbox 317 434 1509 602">
     <span class='ocr_line' id='line_1_1' title="bbox 317 434 341 475; baseline 0 -6"><span class='ocrx_word' id='word_1_1' title='bbox 317 434 341 475; x_wconf 71' lang='lat' dir='ltr'><strong>‚a</strong></span> 
     </span>
     <span class='ocr_line' id='line_1_2' title="bbox 319 494 1509 602; baseline 0.003 -16"><span class='ocrx_word' id='word_1_2' title='bbox 319 494 326 505; x_wconf 46' lang='lat'>⁸</span> <span class='ocrx_word' id='word_1_3' title='bbox 751 535 808 588; x_wconf 81' lang='lat' dir='ltr'><strong>uo.</strong></span> <span class='ocrx_word' id='word_1_4' title='bbox 828 534 861 602; x_wconf 81' lang='lat' dir='ltr'><strong>v,</strong></span> <span class='ocrx_word' id='word_1_5' title='bbox 880 550 903 587; x_wconf 73' lang='grc' dir='ltr'><strong>ο.</strong></span> <span class='ocrx_word' id='word_1_6' title='bbox 922 536 1036 590; x_wconf 83' lang='lat' dir='ltr'><strong>as-so.</strong></span> <span class='ocrx_word' id='word_1_7' title='bbox 1457 530 1509 591; x_wconf 78' lang='lat' dir='ltr'><strong>iss</strong></span> 
     </span>
    </p>
   </div>
   <div class='ocr_carea' id='block_1_2' title="bbox 276 693 1561 2491">
    <p class='ocr_par' dir='ltr' id='par_1_2' title="bbox 276 693 1549 1956">
     <span class='ocr_line' id='line_1_3' title="bbox 277 693 1509 780; baseline -0.001 -20"><span class='ocrx_word' id='word_1_8' title='bbox 277 700 397 780; x_wconf 83' lang='lat' dir='ltr'><strong>partes,</strong></span> <span class='ocrx_word' id='word_1_9' title='bbox 419 698 457 760; x_wconf 91' lang='lat' dir='ltr'><strong>ut</strong></span> <span class='ocrx_word' id='word_1_10' title='bbox 480 697 520 762; x_wconf 86' lang='lat' dir='ltr'><strong>ab</strong></span> <span class='ocrx_word' id='word_1_11' title='bbox 544 697 613 761; x_wconf 90' lang='lat' dir='ltr'><strong>ahis</strong></span> <span class='ocrx_word' id='word_1_12' title='bbox 635 697 737 780; x_wconf 80' lang='lat' dir='ltr'><strong>possit</strong></span> <span class='ocrx_word' id='word_1_13' title='bbox 759 693 829 779; x_wconf 82' lang='lat' dir='ltr'><strong>ipsa</strong></span> <span class='ocrx_word' id='word_1_14' title='bbox 851 716 908 780; x_wconf 90' lang='lat' dir='ltr'><strong>per</strong></span> <span class='ocrx_word' id='word_1_15' title='bbox 931 714 1000 760; x_wconf 89' lang='lat' dir='ltr'><strong>sese</strong></span> <span class='ocrx_word' id='word_1_16' title='bbox 1016 695 1136 760; x_wconf 89' lang='lat' dir='ltr'><strong>nullius</strong></span> <span class='ocrx_word' id='word_1_17' title='bbox 1152 695 1342 761; x_wconf 87' lang='lat' dir='ltr'><strong>auctoritate</strong></span> <span class='ocrx_word' id='word_1_18' title='bbox 1358 694 1509 760; x_wconf 84' lang='lat' dir='ltr'><strong>adiuncta</strong></span> 
     </span>
     <span class='ocr_line' id='line_1_4' title="bbox 279 802 1508 885; baseline 0 -19"><span class='ocrx_word' id='word_1_19' title='bbox 279 803 422 867; x_wconf 88' lang='lat' dir='ltr'><strong>iudicari.</strong></span> <span class='ocrx_word' id='word_1_20' title='bbox 467 804 510 867; x_wconf 82' lang='lat' dir='ltr'><strong>lit</strong></span> <span class='ocrx_word' id='word_1_21' title='bbox 532 804 684 885; x_wconf 86' lang='lat' dir='ltr'><strong>quoniam</strong></span> <span class='ocrx_word' id='word_1_22' title='bbox 706 803 823 868; x_wconf 83' lang='lat' dir='ltr'><strong>videris</strong></span> <span class='ocrx_word' id='word_1_23' title='bbox 846 804 906 867; x_wconf 90' lang='lat' dir='ltr'><strong>hoc</strong></span> <span class='ocrx_word' id='word_1_24' title='bbox 928 802 1023 880; x_wconf 86' lang='lat' dir='ltr'><strong>vello,</strong></span> <span class='ocrx_word' id='word_1_25' title='bbox 1045 804 1096 880; x_wconf 90' lang='lat' dir='ltr'><strong>ut,</strong></span> <span class='ocrx_word' id='word_1_26' title='bbox 1120 821 1399 885; x_wconf 88' lang='lat' dir='ltr'><strong>quaecumque</strong></span> <span class='ocrx_word' id='word_1_27' title='bbox 1423 802 1508 866; x_wconf 91' lang='lat' dir='ltr'><strong>dis-</strong></span> 
     </span>
     <span class='ocr_line' id='line_1_5' title="bbox 279 909 1508 994; baseline -0.001 -20"><span class='ocrx_word' id='word_1_28' title='bbox 279 911 554 975; x_wconf 80' lang='lat' dir='ltr'>sentientium</span> <span class='ocrx_word' id='word_1_29' title='bbox 582 912 920 994; x_wconf 89' lang='lat' dir='ltr'><strong>philosophorum</strong></span> <span class='ocrx_word' id='word_1_30' title='bbox 948 909 1159 974; x_wconf 89' lang='lat' dir='ltr'><strong>sententia</strong></span> <span class='ocrx_word' id='word_1_31' title='bbox 1188 910 1244 974; x_wconf 91' lang='lat' dir='ltr'><strong>sit</strong></span> <span class='ocrx_word' id='word_1_32' title='bbox 1266 909 1310 974; x_wconf 89' lang='lat' dir='ltr'><strong>de</strong></span> <span class='ocrx_word' id='word_1_33' title='bbox 1333 909 1508 988; x_wconf 87' lang='lat' dir='ltr'><strong>finibus,</strong></span> 
     </span>
     <span class='ocr_line' id='line_1_6' title="bbox 278 1016 1508 1100; baseline 0 -20"><span class='ocrx_word' id='word_1_34' title='bbox 278 1020 414 1082; x_wconf 89' lang='lat' dir='ltr'><strong>tamen</strong></span> <span class='ocrx_word' id='word_1_35' title='bbox 437 1019 572 1081; x_wconf 88' lang='lat' dir='ltr'><strong>virtus</strong></span> <span class='ocrx_word' id='word_1_36' title='bbox 596 1019 702 1082; x_wconf 86' lang='lat' dir='ltr'><strong>satis</strong></span> <span class='ocrx_word' id='word_1_37' title='bbox 724 1019 876 1082; x_wconf 88' lang='lat' dir='ltr'><strong>habeat</strong></span> <span class='ocrx_word' id='word_1_38' title='bbox 898 1017 947 1081; x_wconf 92' lang='lat' dir='ltr'><strong>ad</strong></span> <span class='ocrx_word' id='word_1_39' title='bbox 969 1018 1096 1081; x_wconf 88' lang='lat' dir='ltr'><strong>vitam</strong></span> <span class='ocrx_word' id='word_1_40' title='bbox 1118 1016 1508 1100; x_wconf 87' lang='lat' dir='ltr'><strong>beatampraesidii,</strong></span> 
     </span>
     <span class='ocr_line' id='line_1_7' title="bbox 278 1123 1509 1208; baseline 0.001 -20"><span class='ocrx_word' id='word_1_41' title='bbox 278 1125 366 1206; x_wconf 86' lang='lat' dir='ltr'><strong>quod</strong></span> <span class='ocrx_word' id='word_1_42' title='bbox 390 1124 518 1206; x_wconf 89' lang='lat' dir='ltr'><strong>quidem</strong></span> <span class='ocrx_word' id='word_1_43' title='bbox 542 1124 739 1191; x_wconf 79' lang='lat' dir='ltr'><strong>Carneadem</strong></span> <span class='ocrx_word' id='word_1_44' title='bbox 763 1125 926 1208; x_wconf 89' lang='lat' dir='ltr'><strong>disputare</strong></span> <span class='ocrx_word' id='word_1_45' title='bbox 951 1124 1083 1188; x_wconf 90' lang='lat' dir='ltr'><strong>solitum</strong></span> <span class='ocrx_word' id='word_1_46' title='bbox 1106 1124 1302 1207; x_wconf 79' lang='lat' dir='ltr'><strong>accepimus3</strong></span> <span class='ocrx_word' id='word_1_47' title='bbox 1326 1124 1381 1188; x_wconf 88' lang='lat' dir='ltr'><strong>sed</strong></span> <span class='ocrx_word' id='word_1_48' title='bbox 1404 1123 1447 1202; x_wconf 85' lang='lat' dir='ltr'><strong>is,</strong></span> <span class='ocrx_word' id='word_1_49' title='bbox 1471 1126 1509 1189; x_wconf 86' lang='lat' dir='ltr'><strong>ut</strong></span> 
     </span>
     <span class='ocr_line' id='line_1_8' title="bbox 276 1230 1510 1315; baseline 0 -20"><span class='ocrx_word' id='word_1_50' title='bbox 276 1234 389 1295; x_wconf 88' lang='lat' dir='ltr'><strong>contra</strong></span> <span class='ocrx_word' id='word_1_51' title='bbox 407 1231 539 1309; x_wconf 89' lang='lat' dir='ltr'><strong>Stoicos,</strong></span> <span class='ocrx_word' id='word_1_52' title='bbox 563 1251 642 1314; x_wconf 90' lang='lat' dir='ltr'><strong>quoa</strong></span> <span class='ocrx_word' id='word_1_53' title='bbox 658 1232 891 1296; x_wconf 92' lang='lat' dir='ltr'><strong>studiosissime</strong></span> <span class='ocrx_word' id='word_1_54' title='bbox 908 1247 1034 1315; x_wconf 89' lang='lat' dir='ltr'><strong>semper</strong></span> <span class='ocrx_word' id='word_1_55' title='bbox 1048 1230 1221 1308; x_wconf 75' lang='lat' dir='ltr'><strong>refellebat,</strong></span> <span class='ocrx_word' id='word_1_56' title='bbox 1245 1232 1278 1296; x_wconf 90' lang='lat' dir='ltr'><strong>et</strong></span> <span class='ocrx_word' id='word_1_57' title='bbox 1300 1234 1411 1296; x_wconf 89' lang='lat' dir='ltr'><strong>contra</strong></span> <span class='ocrx_word' id='word_1_58' title='bbox 1432 1251 1510 1313; x_wconf 91' lang='lat' dir='ltr'><strong>quo-</strong></span> 
     </span>
     <span class='ocr_line' id='line_1_9' title="bbox 277 1338 1509 1421; baseline 0.001 -19"><span class='ocrx_word' id='word_1_59' title='bbox 277 1358 351 1402; x_wconf 90' lang='lat' dir='ltr'><strong>rum</strong></span> <span class='ocrx_word' id='word_1_60' title='bbox 375 1338 574 1421; x_wconf 78' lang='lat' dir='ltr'>disciplinam</span> <span class='ocrx_word' id='word_1_61' title='bbox 596 1340 761 1421; x_wconf 82' lang='lat' dir='ltr'>ingenium</span> <span class='ocrx_word' id='word_1_62' title='bbox 784 1340 852 1403; x_wconf 92' lang='lat' dir='ltr'><strong>eius</strong></span> <span class='ocrx_word' id='word_1_63' title='bbox 880 1341 1055 1416; x_wconf 77' lang='lat' dir='ltr'><strong>exarserat,</strong></span> <span class='ocrx_word' id='word_1_64' title='bbox 1084 1358 1143 1403; x_wconf 91' lang='lat' dir='ltr'><strong>nos</strong></span> <span class='ocrx_word' id='word_1_65' title='bbox 1171 1338 1299 1421; x_wconf 90' lang='lat' dir='ltr'><strong>quidem</strong></span> <span class='ocrx_word' id='word_1_66' title='bbox 1326 1339 1407 1403; x_wconf 93' lang='lat' dir='ltr'>illud</span> <span class='ocrx_word' id='word_1_67' title='bbox 1434 1358 1509 1404; x_wconf 91' lang='lat' dir='ltr'><strong>cum</strong></span> 
     </span>
     <span class='ocr_line' id='line_1_10' title="bbox 277 1445 1509 1529; baseline 0 -20"><span class='ocrx_word' id='word_1_68' title='bbox 277 1463 355 1528; x_wconf 88' lang='lat' dir='ltr'><strong>pace</strong></span> <span class='ocrx_word' id='word_1_69' title='bbox 379 1464 520 1528; x_wconf 81' lang='lat' dir='ltr'><strong>agemus.</strong></span> <span class='ocrx_word' id='word_1_70' title='bbox 560 1445 594 1510; x_wconf 85' lang='lat' dir='ltr'><strong>Si</strong></span> <span class='ocrx_word' id='word_1_71' title='bbox 617 1446 702 1509; x_wconf 92' lang='lat' dir='ltr'><strong>enim</strong></span> <span class='ocrx_word' id='word_1_72' title='bbox 726 1445 824 1510; x_wconf 85' lang='lat' dir='ltr'><strong>Stoici</strong></span> <span class='ocrx_word' id='word_1_73' title='bbox 846 1445 926 1510; x_wconf 88' lang='lat' dir='ltr'><strong>fines</strong></span> <span class='ocrx_word' id='word_1_74' title='bbox 949 1446 1103 1510; x_wconf 90' lang='lat' dir='ltr'><strong>bonorum</strong></span> <span class='ocrx_word' id='word_1_75' title='bbox 1118 1449 1204 1511; x_wconf 90' lang='lat' dir='ltr'><strong>recte</strong></span> <span class='ocrx_word' id='word_1_76' title='bbox 1219 1446 1413 1529; x_wconf 87' lang='lat' dir='ltr'><strong>posiverunt,</strong></span> <span class='ocrx_word' id='word_1_77' title='bbox 1436 1464 1509 1509; x_wconf 90' lang='lat' dir='ltr'><strong>cou-</strong></span> 
     </span>
     <span class='ocr_line' id='line_1_11' title="bbox 276 1552 1549 1636; baseline 0.002 -20"><span class='ocrx_word' id='word_1_78' title='bbox 276 1552 361 1616; x_wconf 82' lang='lat' dir='ltr'><strong>fecta</strong></span> <span class='ocrx_word' id='word_1_79' title='bbox 388 1571 439 1616; x_wconf 90' lang='lat' dir='ltr'><strong>res</strong></span> <span class='ocrx_word' id='word_1_80' title='bbox 468 1555 533 1617; x_wconf 91' lang='lat' dir='ltr'><strong>est:</strong></span> <span class='ocrx_word' id='word_1_81' title='bbox 564 1571 693 1617; x_wconf 91' lang='lat' dir='ltr'><strong>necesse</strong></span> <span class='ocrx_word' id='word_1_82' title='bbox 721 1555 772 1618; x_wconf 90' lang='lat' dir='ltr'><strong>est</strong></span> <span class='ocrx_word' id='word_1_83' title='bbox 799 1572 924 1636; x_wconf 82' lang='lat' dir='ltr'><strong>semper</strong></span> <span class='ocrx_word' id='word_1_84' title='bbox 951 1554 1083 1617; x_wconf 88' lang='lat' dir='ltr'><strong>beatum</strong></span> <span class='ocrx_word' id='word_1_85' title='bbox 1115 1572 1184 1618; x_wconf 89' lang='lat' dir='ltr'><strong>esso</strong></span> <span class='ocrx_word' id='word_1_86' title='bbox 1212 1553 1398 1636; x_wconf 88' lang='lat' dir='ltr'><strong>sapientem.</strong></span> <span class='ocrx_word' id='word_1_87' title='bbox 1445 1552 1508 1617; x_wconf 82' lang='lat' dir='ltr'><strong>Sed</strong></span> <span class='ocrx_word' id='word_1_88' title='bbox 1519 1575 1549 1621; x_wconf 74' lang='lat' dir='ltr'><strong>sc</strong></span> 
     </span>
     <span class='ocr_line' id='line_1_12' title="bbox 277 1661 1507 1743; baseline 0.001 -21"><span class='ocrx_word' id='word_1_89' title='bbox 277 1678 472 1740; x_wconf 87' lang='lat' dir='ltr'><strong>quaeramus</strong></span> <span class='ocrx_word' id='word_1_90' title='bbox 496 1678 593 1723; x_wconf 89' lang='lat' dir='ltr'><strong>unam</strong></span> <span class='ocrx_word' id='word_1_91' title='bbox 617 1678 778 1741; x_wconf 90' lang='lat' dir='ltr'><strong>quamque</strong></span> <span class='ocrx_word' id='word_1_92' title='bbox 801 1661 998 1741; x_wconf 86' lang='lat' dir='ltr'><strong>reliquorum</strong></span> <span class='ocrx_word' id='word_1_93' title='bbox 1022 1661 1229 1738; x_wconf 86' lang='lat' dir='ltr'><strong>senteutiam,</strong></span> <span class='ocrx_word' id='word_1_94' title='bbox 1253 1661 1279 1724; x_wconf 90' lang='lat' dir='ltr'><strong>si</strong></span> <span class='ocrx_word' id='word_1_95' title='bbox 1302 1661 1371 1725; x_wconf 88' lang='lat' dir='ltr'><strong>fieri</strong></span> <span class='ocrx_word' id='word_1_96' title='bbox 1392 1661 1507 1743; x_wconf 88' lang='lat' dir='ltr'><strong>potest,</strong></span> 
     </span>
     <span class='ocr_line' id='line_1_13' title="bbox 277 1766 1508 1850; baseline 0.002 -22"><span class='ocrx_word' id='word_1_97' title='bbox 277 1766 316 1828; x_wconf 88' lang='lat' dir='ltr'><strong>ut</strong></span> <span class='ocrx_word' id='word_1_98' title='bbox 344 1766 404 1829; x_wconf 91' lang='lat' dir='ltr'><strong>hoo</strong></span> <span class='ocrx_word' id='word_1_99' title='bbox 432 1767 631 1848; x_wconf 89' lang='lat' dir='ltr'><strong>praeclarum</strong></span> <span class='ocrx_word' id='word_1_100' title='bbox 661 1767 753 1847; x_wconf 90' lang='lat' dir='ltr'><strong>quasi</strong></span> <span class='ocrx_word' id='word_1_101' title='bbox 784 1767 948 1831; x_wconf 89' lang='lat' dir='ltr'><strong>decretum</strong></span> <span class='ocrx_word' id='word_1_102' title='bbox 979 1768 1090 1832; x_wconf 88' lang='lat' dir='ltr'><strong>beatae</strong></span> <span class='ocrx_word' id='word_1_103' title='bbox 1121 1768 1204 1832; x_wconf 89' lang='lat' dir='ltr'><strong>vitae</strong></span> <span class='ocrx_word' id='word_1_104' title='bbox 1234 1768 1336 1850; x_wconf 91' lang='lat' dir='ltr'><strong>possit</strong></span> <span class='ocrx_word' id='word_1_105' title='bbox 1365 1767 1508 1832; x_wconf 92' lang='lat' dir='ltr'><strong>omnium</strong></span> 
     </span>
     <span class='ocr_line' id='line_1_14' title="bbox 276 1872 897 1956; baseline 0.005 -21"><span class='ocrx_word' id='word_1_106' title='bbox 276 1872 445 1936; x_wconf 86' lang='lat' dir='ltr'><strong>sententiis</strong></span> <span class='ocrx_word' id='word_1_107' title='bbox 470 1876 503 1936; x_wconf 92' lang='lat' dir='ltr'><strong>et</strong></span> <span class='ocrx_word' id='word_1_108' title='bbox 525 1873 698 1956; x_wconf 84' lang='lat' dir='ltr'><strong>disciplinis</strong></span> <span class='ocrx_word' id='word_1_109' title='bbox 723 1874 897 1938; x_wconf 87' lang='lat' dir='ltr'><strong>convenire.</strong></span> 
     </span>
    </p>

    <p class='ocr_par' dir='ltr' id='par_1_3' title="bbox 277 1979 1561 2491">
     <span class='ocr_line' id='line_1_15' title="bbox 369 1979 1561 2063; baseline 0.008 -21"><span class='ocrx_word' id='word_1_110' title='bbox 369 1979 453 2043; x_wconf 86' lang='lat' dir='ltr'><strong>Sunt</strong></span> <span class='ocrx_word' id='word_1_111' title='bbox 476 1981 585 2043; x_wconf 86' lang='lat' dir='ltr'><strong>autem</strong></span> <span class='ocrx_word' id='word_1_112' title='bbox 607 1980 687 2044; x_wconf 87' lang='lat' dir='ltr'><strong>haec</strong></span> <span class='ocrx_word' id='word_1_113' title='bbox 710 1980 755 2045; x_wconf 88' lang='lat' dir='ltr'><strong>de</strong></span> <span class='ocrx_word' id='word_1_114' title='bbox 778 1979 949 2057; x_wconf 84' lang='lat' dir='ltr'><strong>linibus,</strong></span> <span class='ocrx_word' id='word_1_115' title='bbox 972 1982 1010 2044; x_wconf 89' lang='lat' dir='ltr'><strong>ut</strong></span> <span class='ocrx_word' id='word_1_116' title='bbox 1033 1981 1154 2063; x_wconf 90' lang='lat' dir='ltr'><strong>opinor,</strong></span> <span class='ocrx_word' id='word_1_117' title='bbox 1178 1984 1321 2046; x_wconf 80' lang='lat' dir='ltr'><strong>retentae</strong></span> <span class='ocrx_word' id='word_1_118' title='bbox 1345 1980 1561 2050; x_wconf 72' lang='lat' dir='ltr'><strong>defensae-tlt</strong></span> 
     </span>
     <span class='ocr_line' id='line_1_16' title="bbox 277 2087 1508 2170; baseline 0.003 -21"><span class='ocrx_word' id='word_1_119' title='bbox 277 2105 340 2167; x_wconf 91' lang='lat' dir='ltr'><strong>que</strong></span> <span class='ocrx_word' id='word_1_120' title='bbox 365 2087 619 2151; x_wconf 90' lang='lat' dir='ltr'><strong>sententiae:</strong></span> <span class='ocrx_word' id='word_1_121' title='bbox 650 2087 790 2170; x_wconf 91' lang='lat' dir='ltr'><strong>primum</strong></span> <span class='ocrx_word' id='word_1_122' title='bbox 813 2088 973 2170; x_wconf 90' lang='lat' dir='ltr'><strong>simplices</strong></span> <span class='ocrx_word' id='word_1_123' title='bbox 998 2090 1162 2169; x_wconf 89' lang='lat' dir='ltr'><strong>quattuor,</strong></span> <span class='ocrx_word' id='word_1_124' title='bbox 1191 2089 1272 2153; x_wconf 90' lang='lat' dir='ltr'>nihil</span> <span class='ocrx_word' id='word_1_125' title='bbox 1298 2089 1418 2154; x_wconf 90' lang='lat' dir='ltr'><strong>bouum</strong></span> <span class='ocrx_word' id='word_1_126' title='bbox 1445 2088 1508 2153; x_wconf 92' lang='lat' dir='ltr'><strong>nisi</strong></span> 
     </span>
     <span class='ocr_line' id='line_1_17' title="bbox 277 2193 1508 2278; baseline 0.002 -22"><span class='ocrx_word' id='word_1_127' title='bbox 277 2193 457 2271; x_wconf 89' lang='lat' dir='ltr'><strong>honestum,</strong></span> <span class='ocrx_word' id='word_1_128' title='bbox 479 2196 518 2257; x_wconf 91' lang='lat' dir='ltr'><strong>ut</strong></span> <span class='ocrx_word' id='word_1_129' title='bbox 534 2193 641 2270; x_wconf 77' lang='lat' dir='ltr'><strong>Stoici,</strong></span> <span class='ocrx_word' id='word_1_130' title='bbox 655 2195 736 2258; x_wconf 91' lang='lat' dir='ltr'>nihil</span> <span class='ocrx_word' id='word_1_131' title='bbox 752 2196 869 2259; x_wconf 92' lang='lat' dir='ltr'><strong>bonum</strong></span> <span class='ocrx_word' id='word_1_132' title='bbox 884 2195 947 2258; x_wconf 89' lang='lat' dir='ltr'><strong>nisi</strong></span> <span class='ocrx_word' id='word_1_133' title='bbox 962 2196 1170 2277; x_wconf 85' lang='lat' dir='ltr'><strong>voluptatem,</strong></span> <span class='ocrx_word' id='word_1_134' title='bbox 1186 2198 1223 2260; x_wconf 95' lang='lat' dir='ltr'><strong>ut</strong></span> <span class='ocrx_word' id='word_1_135' title='bbox 1238 2196 1404 2278; x_wconf 80' lang='lat' dir='ltr'><strong>Epicurus,</strong></span> <span class='ocrx_word' id='word_1_136' title='bbox 1427 2196 1508 2259; x_wconf 92' lang='lat' dir='ltr'>nihil</span> 
     </span>
     <span class='ocr_line' id='line_1_18' title="bbox 277 2299 1508 2385; baseline 0.003 -23"><span class='ocrx_word' id='word_1_137' title='bbox 277 2299 396 2363; x_wconf 91' lang='lat' dir='ltr'><strong>honum</strong></span> <span class='ocrx_word' id='word_1_138' title='bbox 419 2300 481 2364; x_wconf 91' lang='lat' dir='ltr'><strong>nisi</strong></span> <span class='ocrx_word' id='word_1_139' title='bbox 504 2302 698 2366; x_wconf 75' lang='lat' dir='ltr'><strong>vacuitatem</strong></span> <span class='ocrx_word' id='word_1_140' title='bbox 722 2300 852 2379; x_wconf 69' lang='lat' dir='ltr'><strong>concis,</strong></span> <span class='ocrx_word' id='word_1_141' title='bbox 882 2304 921 2365; x_wconf 90' lang='lat' dir='ltr'><strong>ut</strong></span> <span class='ocrx_word' id='word_1_142' title='bbox 943 2302 1173 2385; x_wconf 84' lang='lat' dir='ltr'><strong>Hieronymus,</strong></span> <span class='ocrx_word' id='word_1_143' title='bbox 1202 2303 1281 2367; x_wconf 90' lang='lat' dir='ltr'>nihil</span> <span class='ocrx_word' id='word_1_144' title='bbox 1304 2304 1423 2367; x_wconf 91' lang='lat' dir='ltr'><strong>honum</strong></span> <span class='ocrx_word' id='word_1_145' title='bbox 1446 2303 1508 2367; x_wconf 90' lang='lat' dir='ltr'><strong>nisi</strong></span> 
     </span>
     <span class='ocr_line' id='line_1_19' title="bbox 277 2408 1507 2491; baseline 0.004 -22"><span class='ocrx_word' id='word_1_146' title='bbox 277 2409 412 2471; x_wconf 88' lang='lat' dir='ltr'><strong>naturae</strong></span> <span class='ocrx_word' id='word_1_147' title='bbox 431 2408 541 2491; x_wconf 91' lang='lat' dir='ltr'><strong>primis</strong></span> <span class='ocrx_word' id='word_1_148' title='bbox 565 2408 654 2473; x_wconf 88' lang='lat' dir='ltr'><strong>honis</strong></span> <span class='ocrx_word' id='word_1_149' title='bbox 679 2411 736 2473; x_wconf 88' lang='lat' dir='ltr'><strong>aut</strong></span> <span class='ocrx_word' id='word_1_150' title='bbox 759 2410 905 2473; x_wconf 91' lang='lat' dir='ltr'><strong>omnibus</strong></span> <span class='ocrx_word' id='word_1_151' title='bbox 930 2411 987 2473; x_wconf 92' lang='lat' dir='ltr'><strong>aut</strong></span> <span class='ocrx_word' id='word_1_152' title='bbox 1009 2410 1157 2474; x_wconf 80' lang='lat' dir='ltr'><strong>maximis</strong></span> <span class='ocrx_word' id='word_1_153' title='bbox 1179 2410 1251 2487; x_wconf 87' lang='lat' dir='ltr'><strong>frui,</strong></span> <span class='ocrx_word' id='word_1_154' title='bbox 1274 2412 1312 2474; x_wconf 87' lang='lat' dir='ltr'><strong>ut</strong></span> <span class='ocrx_word' id='word_1_155' title='bbox 1327 2409 1507 2476; x_wconf 85' lang='lat' dir='ltr'><strong>Carneades</strong></span> 
     </span>
    </p>
   </div>
   <div class='ocr_carea' id='block_1_3' title="bbox 273 2636 1506 3959">
    <p class='ocr_par' dir='ltr' id='par_1_4' title="bbox 273 2636 1506 3333">
     <span class='ocr_line' id='line_1_20' title="bbox 275 2636 1506 2710; baseline 0.004 -21"><span class='ocrx_word' id='word_1_156' title='bbox 275 2636 379 2706; x_wconf 87' lang='lat' dir='ltr'><strong>leituug</strong></span> <span class='ocrx_word' id='word_1_157' title='bbox 396 2638 422 2692; x_wconf 85' lang='lat' dir='ltr'><strong>S.</strong></span> <span class='ocrx_word' id='word_1_158' title='bbox 439 2640 463 2692; x_wconf 77' lang='lat'><strong>7.</strong></span> <span class='ocrx_word' id='word_1_159' title='bbox 483 2670 516 2678; x_wconf 93' lang='lat'><em>-</em></span> <span class='ocrx_word' id='word_1_160' title='bbox 540 2638 701 2708; x_wconf 68' lang='lat' dir='ltr'><strong>Carneades]</strong></span> <span class='ocrx_word' id='word_1_161' title='bbox 721 2655 742 2693; x_wconf 90' lang='lat' dir='ltr'><strong>s.</strong></span> <span class='ocrx_word' id='word_1_162' title='bbox 757 2658 792 2694; x_wconf 87' lang='lat' dir='ltr'><strong>zu</strong></span> <span class='ocrx_word' id='word_1_163' title='bbox 804 2640 919 2706; x_wconf 83' lang='lat'>111‚54;</span> <span class='ocrx_word' id='word_1_164' title='bbox 939 2639 1032 2695; x_wconf 80' lang='lat' dir='ltr'><strong>Cicero</strong></span> <span class='ocrx_word' id='word_1_165' title='bbox 1050 2641 1097 2694; x_wconf 86' lang='lat' dir='ltr'><strong>hat</strong></span> <span class='ocrx_word' id='word_1_166' title='bbox 1111 2641 1286 2710; x_wconf 79' lang='lat' dir='ltr'><strong>(accepimns)</strong></span> <span class='ocrx_word' id='word_1_167' title='bbox 1305 2640 1351 2695; x_wconf 89' lang='lat' dir='ltr'><strong>das</strong></span> <span class='ocrx_word' id='word_1_168' title='bbox 1370 2640 1439 2694; x_wconf 90' lang='lat' dir='ltr'>wohl</span> <span class='ocrx_word' id='word_1_169' title='bbox 1459 2656 1506 2694; x_wconf 86' lang='lat' dir='ltr'><strong>aus</strong></span> 
     </span>
     <span class='ocr_line' id='line_1_21' title="bbox 273 2726 1506 2799; baseline 0.002 -20"><span class='ocrx_word' id='word_1_170' title='bbox 273 2727 329 2779; x_wconf 85' lang='lat' dir='ltr'><strong>den</strong></span> <span class='ocrx_word' id='word_1_171' title='bbox 347 2726 483 2780; x_wconf 80' lang='lat' dir='ltr'><strong>Schriften</strong></span> <span class='ocrx_word' id='word_1_172' title='bbox 501 2728 549 2782; x_wconf 89' lang='lat' dir='ltr'><strong>des</strong></span> <span class='ocrx_word' id='word_1_173' title='bbox 567 2728 766 2784; x_wconf 88' lang='lat' dir='ltr'><strong>Kleitomachos</strong></span> <span class='ocrx_word' id='word_1_174' title='bbox 784 2732 809 2799; x_wconf 69' lang='grc' dir='ltr'><strong>(ξ</strong></span> <span class='ocrx_word' id='word_1_175' title='bbox 828 2732 898 2796; x_wconf 79' lang='grc'>107).</span> <span class='ocrx_word' id='word_1_176' title='bbox 924 2760 959 2769; x_wconf 92' lang='grc'>-</span> <span class='ocrx_word' id='word_1_177' title='bbox 983 2730 1030 2783; x_wconf 82' lang='lat' dir='ltr'><strong>sed</strong></span> <span class='ocrx_word' id='word_1_178' title='bbox 1046 2729 1073 2783; x_wconf 82' lang='lat' dir='ltr'><strong>c&#39;s</strong></span> <span class='ocrx_word' id='word_1_179' title='bbox 1091 2735 1121 2783; x_wconf 81' lang='lat' dir='ltr'><strong>nt</strong></span> <span class='ocrx_word' id='word_1_180' title='bbox 1139 2735 1234 2783; x_wconf 81' lang='lat' dir='ltr'><strong>contra</strong></span> <span class='ocrx_word' id='word_1_181' title='bbox 1253 2729 1357 2784; x_wconf 78' lang='lat' dir='ltr'><strong>Stoicos</strong></span> <span class='ocrx_word' id='word_1_182' title='bbox 1376 2733 1423 2798; x_wconf 86' lang='lat' dir='ltr'><strong>(sc.</strong></span> <span class='ocrx_word' id='word_1_183' title='bbox 1442 2729 1506 2798; x_wconf 69' lang='lat' dir='ltr'>cyil)</span> 
     </span>
     <span class='ocr_line' id='line_1_22' title="bbox 338 2816 1506 2888; baseline 0.005 -20.698"><span class='ocrx_word' id='word_1_184' title='bbox 338 2833 388 2869; x_wconf 85' lang='lat' dir='ltr'><strong>nos</strong></span> <span class='ocrx_word' id='word_1_185' title='bbox 406 2816 524 2886; x_wconf 68' lang='lat' dir='ltr'><strong>maidens]</strong></span> <span class='ocrx_word' id='word_1_186' title='bbox 544 2817 581 2871; x_wconf 79' lang='lat' dir='ltr'><strong>Er</strong></span> <span class='ocrx_word' id='word_1_187' title='bbox 598 2818 693 2887; x_wconf 89' lang='lat' dir='ltr'><strong>schlng</strong></span> <span class='ocrx_word' id='word_1_188' title='bbox 710 2820 763 2872; x_wconf 90' lang='lat' dir='ltr'><strong>den</strong></span> <span class='ocrx_word' id='word_1_189' title='bbox 781 2820 836 2873; x_wconf 84' lang='lat' dir='ltr'><strong>Ton</strong></span> <span class='ocrx_word' id='word_1_190' title='bbox 854 2836 896 2887; x_wconf 87' lang='lat' dir='ltr'><strong>an,</strong></span> <span class='ocrx_word' id='word_1_191' title='bbox 916 2820 968 2873; x_wconf 90' lang='lat' dir='ltr'><strong>den</strong></span> <span class='ocrx_word' id='word_1_192' title='bbox 986 2836 1048 2873; x_wconf 93' lang='lat' dir='ltr'><strong>man</strong></span> <span class='ocrx_word' id='word_1_193' title='bbox 1067 2819 1110 2873; x_wconf 88' lang='lat' dir='ltr'><strong>bei</strong></span> <span class='ocrx_word' id='word_1_194' title='bbox 1128 2819 1184 2872; x_wconf 91' lang='lat' dir='ltr'><strong>ihm</strong></span> <span class='ocrx_word' id='word_1_195' title='bbox 1201 2820 1253 2873; x_wconf 85' lang='lat' dir='ltr'><strong>den</strong></span> <span class='ocrx_word' id='word_1_196' title='bbox 1268 2819 1389 2873; x_wconf 86' lang='lat' dir='ltr'><strong>Stoihern</strong></span> <span class='ocrx_word' id='word_1_197' title='bbox 1408 2835 1506 2888; x_wconf 83' lang='lat' dir='ltr'><strong>gegan-</strong></span> 
     </span>
     <span class='ocr_line' id='line_1_23' title="bbox 275 2905 1504 2982; baseline 0.003 -24"><span class='ocrx_word' id='word_1_198' title='bbox 275 2905 344 2959; x_wconf 84' lang='lat' dir='ltr'><strong>iiber</strong></span> <span class='ocrx_word' id='word_1_199' title='bbox 368 2909 508 2960; x_wconf 81' lang='lat' dir='ltr'><strong>erwartete</strong></span> <span class='ocrx_word' id='word_1_200' title='bbox 526 2912 566 2975; x_wconf 75' lang='lat' dir='ltr'><strong>(nt</strong></span> <span class='ocrx_word' id='word_1_201' title='bbox 584 2913 693 2974; x_wconf 64' lang='lat' dir='ltr'><strong>cotnra,</strong></span> <span class='ocrx_word' id='word_1_202' title='bbox 720 2913 754 2971; x_wconf 85' lang='grc' dir='ltr'><strong>ὡς</strong></span> <span class='ocrx_word' id='word_1_203' title='bbox 773 2912 858 2982; x_wconf 79' lang='grc' dir='ltr'>πρὸς).</span> <span class='ocrx_word' id='word_1_204' title='bbox 885 2941 919 2949; x_wconf 95' lang='grc'><strong>-</strong></span> <span class='ocrx_word' id='word_1_205' title='bbox 944 2909 1154 2978; x_wconf 68' lang='lat' dir='ltr'><strong>studiosissimi</strong></span> <span class='ocrx_word' id='word_1_206' title='bbox 1179 2909 1327 2977; x_wconf 84' lang='lat' dir='ltr'><strong>Gegensatz</strong></span> <span class='ocrx_word' id='word_1_207' title='bbox 1351 2925 1414 2962; x_wconf 86' lang='lat' dir='ltr'><strong>cnm</strong></span> <span class='ocrx_word' id='word_1_208' title='bbox 1431 2926 1504 2978; x_wconf 83' lang='lat' dir='ltr'><strong>poco,</strong></span> 
     </span>
     <span class='ocr_line' id='line_1_24' title="bbox 275 2994 1505 3067; baseline 0.002 -19"><span class='ocrx_word' id='word_1_209' title='bbox 275 2994 363 3061; x_wconf 86' lang='lat' dir='ltr'><strong>„sehr</strong></span> <span class='ocrx_word' id='word_1_210' title='bbox 379 2995 641 3064; x_wconf 82' lang='lat' dir='ltr'><strong>leidenschaltlich“,</strong></span> <span class='ocrx_word' id='word_1_211' title='bbox 667 2998 718 3052; x_wconf 89' lang='lat' dir='ltr'><strong>wie</strong></span> <span class='ocrx_word' id='word_1_212' title='bbox 736 2999 785 3052; x_wconf 89' lang='lat' dir='ltr'><strong>der</strong></span> <span class='ocrx_word' id='word_1_213' title='bbox 802 2998 911 3052; x_wconf 85' lang='lat' dir='ltr'><strong>beredte</strong></span> <span class='ocrx_word' id='word_1_214' title='bbox 929 2998 1011 3052; x_wconf 86' lang='lat' dir='ltr'><strong>Manu</strong></span> <span class='ocrx_word' id='word_1_215' title='bbox 1030 2998 1087 3052; x_wconf 88' lang='lat' dir='ltr'><strong>sich</strong></span> <span class='ocrx_word' id='word_1_216' title='bbox 1106 2998 1257 3067; x_wconf 73' lang='lat' dir='ltr'><strong>uberhaupt</strong></span> <span class='ocrx_word' id='word_1_217' title='bbox 1279 2997 1355 3051; x_wconf 86' lang='lat' dir='ltr'><strong>recht</strong></span> <span class='ocrx_word' id='word_1_218' title='bbox 1372 3000 1505 3066; x_wconf 84' lang='lat' dir='ltr'><strong>tempera·</strong></span> 
     </span>
     <span class='ocr_line' id='line_1_25' title="bbox 276 3084 1505 3157; baseline 0.006 -22"><span class='ocrx_word' id='word_1_219' title='bbox 276 3084 405 3138; x_wconf 85' lang='lat' dir='ltr'><strong>meutvoll</strong></span> <span class='ocrx_word' id='word_1_220' title='bbox 424 3085 517 3153; x_wconf 85' lang='lat' dir='ltr'><strong>zeigte.</strong></span> <span class='ocrx_word' id='word_1_221' title='bbox 542 3118 576 3126; x_wconf 90' lang='lat'><em>-</em></span> <span class='ocrx_word' id='word_1_222' title='bbox 598 3092 623 3139; x_wconf 84' lang='lat' dir='ltr'><strong>ct</strong></span> <span class='ocrx_word' id='word_1_223' title='bbox 641 3092 735 3141; x_wconf 77' lang='lat' dir='ltr'><strong>contra</strong></span> <span class='ocrx_word' id='word_1_224' title='bbox 753 3104 869 3156; x_wconf 82' lang='lat' dir='ltr'><strong>qnorum</strong></span> <span class='ocrx_word' id='word_1_225' title='bbox 886 3087 1076 3157; x_wconf 67' lang='lat' dir='ltr'><strong>discohlincm]</strong></span> <span class='ocrx_word' id='word_1_226' title='bbox 1095 3092 1133 3154; x_wconf 83' lang='lat' dir='ltr'><strong>ct,</strong></span> <span class='ocrx_word' id='word_1_227' title='bbox 1152 3087 1212 3141; x_wconf 90' lang='lat' dir='ltr'><strong>weil</strong></span> <span class='ocrx_word' id='word_1_228' title='bbox 1231 3087 1308 3141; x_wconf 90' lang='lat' dir='ltr'><strong>beide</strong></span> <span class='ocrx_word' id='word_1_229' title='bbox 1325 3087 1505 3142; x_wconf 78' lang='lat' dir='ltr'><strong>Relativstitze</strong></span> 
     </span>
     <span class='ocr_line' id='line_1_26' title="bbox 274 3173 1505 3246; baseline 0.004 -21"><span class='ocrx_word' id='word_1_230' title='bbox 274 3173 450 3228; x_wconf 83' lang='lat' dir='ltr'><strong>Vernandtes</strong></span> <span class='ocrx_word' id='word_1_231' title='bbox 469 3175 642 3229; x_wconf 86' lang='lat' dir='ltr'><strong>ausdriichen.</strong></span> <span class='ocrx_word' id='word_1_232' title='bbox 662 3207 696 3215; x_wconf 95' lang='lat'><em>-</em></span> <span class='ocrx_word' id='word_1_233' title='bbox 718 3177 885 3246; x_wconf 80' lang='lat' dir='ltr'><strong>posc&#39;cernnl]</strong></span> <span class='ocrx_word' id='word_1_234' title='bbox 906 3177 1002 3246; x_wconf 76' lang='lat' dir='ltr'><strong>posint</strong></span> <span class='ocrx_word' id='word_1_235' title='bbox 1020 3202 1051 3221; x_wconf 93' lang='lat'>=</span> <span class='ocrx_word' id='word_1_236' title='bbox 1068 3176 1199 3246; x_wconf 77' lang='lat' dir='ltr'><strong>poscicec&#39;,</strong></span> <span class='ocrx_word' id='word_1_237' title='bbox 1218 3176 1262 3230; x_wconf 89' lang='lat' dir='ltr'><strong>die</strong></span> <span class='ocrx_word' id='word_1_238' title='bbox 1279 3176 1363 3230; x_wconf 76' lang='lat' dir='ltr'><strong>liltore</strong></span> <span class='ocrx_word' id='word_1_239' title='bbox 1382 3175 1505 3230; x_wconf 76' lang='lat' dir='ltr'><strong>Perfelrt</strong></span> 
     </span>
     <span class='ocr_line' id='line_1_27' title="bbox 276 3262 702 3333; baseline 0.009 -19"><span class='ocrx_word' id='word_1_240' title='bbox 276 3262 347 3315; x_wconf 78' lang='lat' dir='ltr'><strong>form</strong></span> <span class='ocrx_word' id='word_1_241' title='bbox 365 3279 417 3316; x_wconf 88' lang='lat' dir='ltr'><strong>von</strong></span> <span class='ocrx_word' id='word_1_242' title='bbox 431 3281 505 3332; x_wconf 76' lang='lat' dir='ltr'><strong>pono</strong></span> <span class='ocrx_word' id='word_1_243' title='bbox 523 3266 568 3331; x_wconf 91' lang='lat'><strong>(=</strong></span> <span class='ocrx_word' id='word_1_244' title='bbox 582 3265 702 3333; x_wconf 77' lang='lat' dir='ltr'><strong>postne).</strong></span> 
     </span>
    </p>

    <p class='ocr_par' dir='ltr' id='par_1_5' title="bbox 274 3354 1505 3959">
     <span class='ocr_line' id='line_1_28' title="bbox 349 3354 1505 3425; baseline 0.001 -17"><span class='ocrx_word' id='word_1_245' title='bbox 349 3364 391 3408; x_wconf 77' lang='lat' dir='ltr'><strong>sl.</strong></span> <span class='ocrx_word' id='word_1_246' title='bbox 416 3355 591 3423; x_wconf 79' lang='lat' dir='ltr'><strong>quaeremus]</strong></span> <span class='ocrx_word' id='word_1_247' title='bbox 616 3356 766 3424; x_wconf 82' lang='lat' dir='ltr'><strong>„priiien“,</strong></span> <span class='ocrx_word' id='word_1_248' title='bbox 791 3355 916 3424; x_wconf 78' lang='lat' dir='ltr'><strong>htuiiger</strong></span> <span class='ocrx_word' id='word_1_249' title='bbox 937 3354 1057 3424; x_wconf 77' lang='lat' dir='ltr'><strong>inquiro.</strong></span> <span class='ocrx_word' id='word_1_250' title='bbox 1084 3387 1117 3395; x_wconf 91' lang='lat'>—</span> <span class='ocrx_word' id='word_1_251' title='bbox 1143 3355 1287 3425; x_wconf 60' lang='lat' dir='ltr'><strong>monum]</strong></span> <span class='ocrx_word' id='word_1_252' title='bbox 1310 3354 1361 3410; x_wconf 90' lang='lat' dir='ltr'><strong>wie</strong></span> <span class='ocrx_word' id='word_1_253' title='bbox 1385 3355 1434 3409; x_wconf 87' lang='lat' dir='ltr'><strong>der</strong></span> <span class='ocrx_word' id='word_1_254' title='bbox 1452 3355 1505 3409; x_wconf 91' lang='lat' dir='ltr'><strong>Be·</strong></span> 
     </span>
     <span class='ocr_line' id='line_1_29' title="bbox 274 3434 1505 3518; baseline 0.002 -23"><span class='ocrx_word' id='word_1_255' title='bbox 274 3440 377 3496; x_wconf 85' lang='lat' dir='ltr'><strong>achluls</strong></span> <span class='ocrx_word' id='word_1_256' title='bbox 402 3441 477 3495; x_wconf 86' lang='lat' dir='ltr'><strong>einer</strong></span> <span class='ocrx_word' id='word_1_257' title='bbox 494 3442 631 3512; x_wconf 76' lang='lat' dir='ltr'><strong>Behlird03</strong></span> <span class='ocrx_word' id='word_1_258' title='bbox 657 3444 701 3498; x_wconf 90' lang='lat' dir='ltr'><strong>die</strong></span> <span class='ocrx_word' id='word_1_259' title='bbox 719 3434 905 3514; x_wconf 69' lang='lat' dir='ltr'><strong>Ubersetzuug</strong></span> <span class='ocrx_word' id='word_1_260' title='bbox 927 3445 1060 3498; x_wconf 81' lang='lat' dir='ltr'><strong>dccrctwm</strong></span> <span class='ocrx_word' id='word_1_261' title='bbox 1085 3445 1131 3497; x_wconf 78' lang='lat' dir='ltr'><strong>fiir</strong></span> <span class='ocrx_word' id='word_1_262' title='bbox 1156 3447 1252 3518; x_wconf 79' lang='grc' dir='ltr'><em>δόγμα</em></span> <span class='ocrx_word' id='word_1_263' title='bbox 1275 3444 1323 3498; x_wconf 86' lang='lat' dir='ltr'><strong>hat</strong></span> <span class='ocrx_word' id='word_1_264' title='bbox 1340 3444 1433 3501; x_wconf 79' lang='lat' dir='ltr'><strong>Cicero</strong></span> <span class='ocrx_word' id='word_1_265' title='bbox 1459 3461 1505 3513; x_wconf 88' lang='lat' dir='ltr'><strong>ge·</strong></span> 
     </span>
     <span class='ocr_line' id='line_1_30' title="bbox 274 3530 1505 3601; baseline 0.003 -17"><span class='ocrx_word' id='word_1_266' title='bbox 274 3530 400 3584; x_wconf 80' lang='lat' dir='ltr'><strong>sohaifen</strong></span> <span class='ocrx_word' id='word_1_267' title='bbox 418 3532 510 3599; x_wconf 77' lang='lat' dir='ltr'><strong>(head.</strong></span> <span class='ocrx_word' id='word_1_268' title='bbox 531 3549 568 3601; x_wconf 90' lang='lat' dir='ltr'><strong>pr.</strong></span> <span class='ocrx_word' id='word_1_269' title='bbox 588 3533 629 3600; x_wconf 89' lang='lat' dir='ltr'><strong>II,</strong></span> <span class='ocrx_word' id='word_1_270' title='bbox 653 3536 712 3600; x_wconf 84' lang='lat'>29);</span> <span class='ocrx_word' id='word_1_271' title='bbox 736 3533 786 3587; x_wconf 89' lang='lat' dir='ltr'><strong>der</strong></span> <span class='ocrx_word' id='word_1_272' title='bbox 803 3551 948 3587; x_wconf 81' lang='lat' dir='ltr'><strong>consensus</strong></span> <span class='ocrx_word' id='word_1_273' title='bbox 966 3532 1092 3587; x_wconf 78' lang='lat' dir='ltr'><strong>omnium</strong></span> <span class='ocrx_word' id='word_1_274' title='bbox 1110 3533 1145 3587; x_wconf 87' lang='lat' dir='ltr'><strong>iat</strong></span> <span class='ocrx_word' id='word_1_275' title='bbox 1162 3533 1306 3587; x_wconf 87' lang='lat' dir='ltr'><strong>besonders</strong></span> <span class='ocrx_word' id='word_1_276' title='bbox 1325 3533 1367 3587; x_wconf 92' lang='lat' dir='ltr'><strong>hei</strong></span> <span class='ocrx_word' id='word_1_277' title='bbox 1386 3534 1435 3587; x_wconf 87' lang='lat' dir='ltr'><strong>der</strong></span> <span class='ocrx_word' id='word_1_278' title='bbox 1453 3534 1505 3588; x_wconf 91' lang='lat' dir='ltr'><strong>Po·</strong></span> 
     </span>
     <span class='ocr_line' id='line_1_31' title="bbox 275 3620 1504 3693; baseline 0.002 -18"><span class='ocrx_word' id='word_1_279' title='bbox 275 3620 472 3691; x_wconf 84' lang='lat' dir='ltr'><strong>pularisierung</strong></span> <span class='ocrx_word' id='word_1_280' title='bbox 495 3621 544 3675; x_wconf 89' lang='lat' dir='ltr'><strong>der</strong></span> <span class='ocrx_word' id='word_1_281' title='bbox 566 3622 736 3692; x_wconf 83' lang='lat' dir='ltr'>Philosophia</span> <span class='ocrx_word' id='word_1_282' title='bbox 761 3640 814 3677; x_wconf 88' lang='lat' dir='ltr'><strong>von</strong></span> <span class='ocrx_word' id='word_1_283' title='bbox 836 3622 1001 3692; x_wconf 87' lang='lat' dir='ltr'><strong>Bedeutung.</strong></span> <span class='ocrx_word' id='word_1_284' title='bbox 1030 3655 1065 3663; x_wconf 93' lang='lat'><em>-</em></span> <span class='ocrx_word' id='word_1_285' title='bbox 1091 3624 1233 3677; x_wconf 78' lang='lat' dir='ltr'><strong>sententiis</strong></span> <span class='ocrx_word' id='word_1_286' title='bbox 1334 3623 1504 3693; x_wconf 75' lang='lat' dir='ltr'><strong>disciplints]</strong></span> 
     </span>
     <span class='ocr_line' id='line_1_32' title="bbox 274 3710 1505 3780; baseline 0.002 -16"><span class='ocrx_word' id='word_1_287' title='bbox 274 3710 428 3778; x_wconf 87' lang='lat' dir='ltr'><strong>„Stimmen</strong></span> <span class='ocrx_word' id='word_1_288' title='bbox 509 3710 657 3766; x_wconf 82' lang='lat' dir='ltr'><strong>Schuien“.</strong></span> <span class='ocrx_word' id='word_1_289' title='bbox 682 3743 717 3751; x_wconf 91' lang='lat'>-</span> <span class='ocrx_word' id='word_1_290' title='bbox 742 3712 793 3765; x_wconf 88' lang='lat' dir='ltr'><strong>Die</strong></span> <span class='ocrx_word' id='word_1_291' title='bbox 811 3712 959 3766; x_wconf 85' lang='lat' dir='ltr'><strong>Ansichten</strong></span> <span class='ocrx_word' id='word_1_292' title='bbox 976 3712 1045 3767; x_wconf 85' lang='lat' dir='ltr'><strong>iiber</strong></span> <span class='ocrx_word' id='word_1_293' title='bbox 1062 3713 1108 3766; x_wconf 85' lang='lat' dir='ltr'><strong>das</strong></span> <span class='ocrx_word' id='word_1_294' title='bbox 1126 3711 1236 3767; x_wconf 76' lang='lat' dir='ltr'><strong>hochste</strong></span> <span class='ocrx_word' id='word_1_295' title='bbox 1255 3713 1309 3766; x_wconf 84' lang='lat' dir='ltr'><strong>Gut</strong></span> <span class='ocrx_word' id='word_1_296' title='bbox 1326 3715 1435 3780; x_wconf 81' lang='grc' dir='ltr'><strong>(τέλος),</strong></span> <span class='ocrx_word' id='word_1_297' title='bbox 1461 3713 1505 3767; x_wconf 88' lang='lat' dir='ltr'><strong>die</strong></span> 
     </span>
     <span class='ocr_line' id='line_1_33' title="bbox 275 3799 1505 3871; baseline 0.003 -20"><span class='ocrx_word' id='word_1_298' title='bbox 275 3799 301 3851; x_wconf 90' lang='lat' dir='ltr'><strong>in</strong></span> <span class='ocrx_word' id='word_1_299' title='bbox 322 3799 374 3853; x_wconf 88' lang='lat' dir='ltr'><strong>den</strong></span> <span class='ocrx_word' id='word_1_300' title='bbox 392 3802 457 3853; x_wconf 75' lang='lat' dir='ltr'><strong>fiius</strong></span> <span class='ocrx_word' id='word_1_301' title='bbox 470 3801 596 3855; x_wconf 88' lang='lat' dir='ltr'><strong>Biichern</strong></span> <span class='ocrx_word' id='word_1_302' title='bbox 613 3802 644 3854; x_wconf 76' lang='lat' dir='ltr'><strong>dc</strong></span> <span class='ocrx_word' id='word_1_303' title='bbox 657 3801 761 3869; x_wconf 75' lang='lat' dir='ltr'><strong>finibus</strong></span> <span class='ocrx_word' id='word_1_304' title='bbox 775 3801 905 3855; x_wconf 86' lang='lat' dir='ltr'><strong>bonorum</strong></span> <span class='ocrx_word' id='word_1_305' title='bbox 922 3807 947 3854; x_wconf 84' lang='lat' dir='ltr'><strong>cl</strong></span> <span class='ocrx_word' id='word_1_306' title='bbox 963 3802 1101 3855; x_wconf 78' lang='lat' dir='ltr'><strong>malornm</strong></span> <span class='ocrx_word' id='word_1_307' title='bbox 1114 3802 1223 3871; x_wconf 82' lang='lat' dir='ltr'><strong>gepriiit</strong></span> <span class='ocrx_word' id='word_1_308' title='bbox 1240 3801 1356 3869; x_wconf 88' lang='lat' dir='ltr'><strong>werden,</strong></span> <span class='ocrx_word' id='word_1_309' title='bbox 1375 3801 1435 3855; x_wconf 87' lang='lat' dir='ltr'><strong>sind</strong></span> <span class='ocrx_word' id='word_1_310' title='bbox 1454 3818 1505 3855; x_wconf 91' lang='lat' dir='ltr'><strong>von</strong></span> 
     </span>
     <span class='ocr_line' id='line_1_34' title="bbox 274 3887 1343 3959; baseline 0 -15"><span class='ocrx_word' id='word_1_311' title='bbox 274 3887 369 3944; x_wconf 81' lang='lat' dir='ltr'><strong>Cicero</strong></span> <span class='ocrx_word' id='word_1_312' title='bbox 387 3889 475 3944; x_wconf 88' lang='lat' dir='ltr'><strong>seiten</strong></span> <span class='ocrx_word' id='word_1_313' title='bbox 493 3907 522 3944; x_wconf 90' lang='lat' dir='ltr'><strong>so</strong></span> <span class='ocrx_word' id='word_1_314' title='bbox 540 3891 627 3959; x_wconf 87' lang='lat' dir='ltr'><strong>huapp</strong></span> <span class='ocrx_word' id='word_1_315' title='bbox 645 3891 700 3943; x_wconf 89' lang='lat' dir='ltr'><strong>und</strong></span> <span class='ocrx_word' id='word_1_316' title='bbox 719 3890 910 3944; x_wconf 88' lang='lat' dir='ltr'><strong>iihersichtlich</strong></span> <span class='ocrx_word' id='word_1_317' title='bbox 929 3889 1190 3959; x_wconf 86' lang='lat' dir='ltr'><strong>zusammengestellt</strong></span> <span class='ocrx_word' id='word_1_318' title='bbox 1208 3890 1258 3944; x_wconf 87' lang='lat' dir='ltr'><strong>wie</strong></span> <span class='ocrx_word' id='word_1_319' title='bbox 1276 3890 1343 3944; x_wconf 90' lang='lat' dir='ltr'><strong>hier.</strong></span> 
     </span>
    </p>
   </div>
   <div class='ocr_carea' id='block_1_4' title="bbox 272 4032 1505 4640">
    <p class='ocr_par' dir='ltr' id='par_1_6' title="bbox 272 4032 1505 4640">
     <span class='ocr_line' id='line_1_35' title="bbox 347 4032 1504 4104; baseline 0 -17"><span class='ocrx_word' id='word_1_320' title='bbox 347 4032 425 4101; x_wconf 68' lang='grc' dir='ltr'><strong>Καρ.</strong></span> <span class='ocrx_word' id='word_1_321' title='bbox 446 4033 497 4091; x_wconf 78' lang='grc'><strong>30.</strong></span> <span class='ocrx_word' id='word_1_322' title='bbox 534 4039 648 4088; x_wconf 74' lang='lat' dir='ltr'><strong>retentae</strong></span> <span class='ocrx_word' id='word_1_323' title='bbox 665 4033 847 4104; x_wconf 73' lang='lat' dir='ltr'><strong>defensaeqrcc]</strong></span> <span class='ocrx_word' id='word_1_324' title='bbox 867 4039 959 4100; x_wconf 81' lang='lat' dir='ltr'><strong>tencre,</strong></span> <span class='ocrx_word' id='word_1_325' title='bbox 978 4033 1095 4088; x_wconf 77' lang='lat' dir='ltr'><strong>obtinere</strong></span> <span class='ocrx_word' id='word_1_326' title='bbox 1112 4034 1168 4087; x_wconf 85' lang='lat' dir='ltr'><strong>und</strong></span> <span class='ocrx_word' id='word_1_327' title='bbox 1186 4033 1300 4088; x_wconf 76' lang='lat' dir='ltr'><strong>rotinere</strong></span> <span class='ocrx_word' id='word_1_328' title='bbox 1317 4032 1504 4102; x_wconf 83' lang='lat' dir='ltr'><strong>(„iesthalten,</strong></span> 
     </span>
     <span class='ocr_line' id='line_1_36' title="bbox 276 4121 1505 4193; baseline 0.003 -20"><span class='ocrx_word' id='word_1_329' title='bbox 276 4121 467 4188; x_wconf 82' lang='lat' dir='ltr'><strong>verlechten“)</strong></span> <span class='ocrx_word' id='word_1_330' title='bbox 485 4138 618 4191; x_wconf 85' lang='lat' dir='ltr'><strong>synonym</strong></span> <span class='ocrx_word' id='word_1_331' title='bbox 635 4123 685 4176; x_wconf 92' lang='lat' dir='ltr'><strong>mit</strong></span> <span class='ocrx_word' id='word_1_332' title='bbox 702 4124 847 4191; x_wconf 64' lang='lat' dir='ltr'><strong>descendere.</strong></span> <span class='ocrx_word' id='word_1_333' title='bbox 873 4155 907 4163; x_wconf 93' lang='lat'><em>-</em></span> <span class='ocrx_word' id='word_1_334' title='bbox 931 4123 1096 4177; x_wconf 63' lang='lat' dir='ltr'><strong>vamtatem</strong></span> <span class='ocrx_word' id='word_1_335' title='bbox 1117 4123 1229 4193; x_wconf 64' lang='lat' dir='ltr'><strong>dehent]</strong></span> <span class='ocrx_word' id='word_1_336' title='bbox 1249 4126 1323 4177; x_wconf 88' lang='lat' dir='ltr'><strong>sonst</strong></span> <span class='ocrx_word' id='word_1_337' title='bbox 1346 4124 1425 4177; x_wconf 91' lang='lat' dir='ltr'><strong>maist</strong></span> <span class='ocrx_word' id='word_1_338' title='bbox 1448 4140 1505 4177; x_wconf 82' lang='lat' dir='ltr'><strong>non</strong></span> 
     </span>
     <span class='ocr_line' id='line_1_37' title="bbox 272 4210 1503 4283; baseline 0.004 -21"><span class='ocrx_word' id='word_1_339' title='bbox 272 4210 375 4274; x_wconf 79' lang='lat' dir='ltr'>dolcrc;</span> <span class='ocrx_word' id='word_1_340' title='bbox 399 4211 466 4264; x_wconf 89' lang='lat' dir='ltr'>doch</span> <span class='ocrx_word' id='word_1_341' title='bbox 484 4214 554 4280; x_wconf 83' lang='lat' dir='ltr'><strong>wagt</strong></span> <span class='ocrx_word' id='word_1_342' title='bbox 571 4211 664 4268; x_wconf 83' lang='lat' dir='ltr'><strong>Cicero</strong></span> <span class='ocrx_word' id='word_1_343' title='bbox 683 4213 751 4267; x_wconf 88' lang='lat' dir='ltr'><strong>auch</strong></span> <span class='ocrx_word' id='word_1_344' title='bbox 770 4213 927 4267; x_wconf 85' lang='lat' dir='ltr'><strong>wiederholt</strong></span> <span class='ocrx_word' id='word_1_345' title='bbox 943 4213 1106 4280; x_wconf 72' lang='lat' dir='ltr'><strong>indolentia,</strong></span> <span class='ocrx_word' id='word_1_346' title='bbox 1125 4229 1146 4267; x_wconf 90' lang='lat' dir='ltr'><strong>s.</strong></span> <span class='ocrx_word' id='word_1_347' title='bbox 1165 4212 1228 4282; x_wconf 85' lang='lat' dir='ltr'>folg.</span> <span class='ocrx_word' id='word_1_348' title='bbox 1248 4246 1282 4253; x_wconf 95' lang='lat'>—</span> <span class='ocrx_word' id='word_1_349' title='bbox 1308 4213 1503 4283; x_wconf 73' lang='lat' dir='ltr'><strong>Hieronymus]</strong></span> 
     </span>
     <span class='ocr_line' id='line_1_38' title="bbox 276 4298 1505 4372; baseline 0.006 -22"><span class='ocrx_word' id='word_1_350' title='bbox 276 4314 329 4351; x_wconf 80' lang='lat' dir='ltr'><strong>von</strong></span> <span class='ocrx_word' id='word_1_351' title='bbox 346 4298 456 4353; x_wconf 87' lang='lat' dir='ltr'><strong>Rhodus</strong></span> <span class='ocrx_word' id='word_1_352' title='bbox 473 4302 554 4368; x_wconf 85' lang='lat' dir='ltr'><strong>(otwa</strong></span> <span class='ocrx_word' id='word_1_353' title='bbox 571 4304 731 4369; x_wconf 75' lang='lat' dir='ltr'><strong>eoo-260).</strong></span> <span class='ocrx_word' id='word_1_354' title='bbox 751 4334 785 4342; x_wconf 89' lang='lat'><em>-</em></span> <span class='ocrx_word' id='word_1_355' title='bbox 808 4308 925 4356; x_wconf 77' lang='lat' dir='ltr'><strong>naturae</strong></span> <span class='ocrx_word' id='word_1_356' title='bbox 939 4302 1045 4371; x_wconf 72' lang='lat' dir='ltr'><strong>primis</strong></span> <span class='ocrx_word' id='word_1_357' title='bbox 1063 4302 1150 4371; x_wconf 65' lang='lat' dir='ltr'><strong>bonas]</strong></span> <span class='ocrx_word' id='word_1_358' title='bbox 1166 4302 1264 4372; x_wconf 61' lang='lat' dir='ltr'><strong>primo</strong></span> <span class='ocrx_word' id='word_1_359' title='bbox 1281 4303 1347 4356; x_wconf 86' lang='lat' dir='ltr'><strong>oder</strong></span> <span class='ocrx_word' id='word_1_360' title='bbox 1360 4302 1505 4371; x_wconf 65' lang='lat' dir='ltr'><strong>praeconia</strong></span> 
     </span>
     <span class='ocr_line' id='line_1_39' title="bbox 274 4389 1503 4461; baseline 0.004 -21"><span class='ocrx_word' id='word_1_361' title='bbox 274 4392 398 4441; x_wconf 80' lang='lat' dir='ltr'><strong>naturae.</strong></span> <span class='ocrx_word' id='word_1_362' title='bbox 430 4389 640 4456; x_wconf 80' lang='lat' dir='ltr'><strong>„introducebat</strong></span> <span class='ocrx_word' id='word_1_363' title='bbox 653 4391 734 4445; x_wconf 89' lang='lat' dir='ltr'><strong>etiam</strong></span> <span class='ocrx_word' id='word_1_364' title='bbox 748 4392 948 4459; x_wconf 79' lang='lat' dir='ltr'><strong>Carneadea,</strong></span> <span class='ocrx_word' id='word_1_365' title='bbox 967 4408 1022 4445; x_wconf 92' lang='lat' dir='ltr'><strong>non</strong></span> <span class='ocrx_word' id='word_1_366' title='bbox 1035 4408 1087 4461; x_wconf 87' lang='lat' dir='ltr'><strong>quo</strong></span> <span class='ocrx_word' id='word_1_367' title='bbox 1101 4392 1188 4461; x_wconf 83' lang='lat' dir='ltr'><strong>(nicht</strong></span> <span class='ocrx_word' id='word_1_368' title='bbox 1200 4393 1270 4446; x_wconf 80' lang='lat' dir='ltr'><strong>etna</strong></span> <span class='ocrx_word' id='word_1_369' title='bbox 1281 4391 1354 4460; x_wconf 84' lang='lat' dir='ltr'>weil)</span> <span class='ocrx_word' id='word_1_370' title='bbox 1372 4391 1503 4459; x_wconf 87' lang='lat' dir='ltr'><strong>probaret,</strong></span> 
     </span>
     <span class='ocr_line' id='line_1_40' title="bbox 273 4477 1503 4550; baseline 0.003 -20"><span class='ocrx_word' id='word_1_371' title='bbox 273 4477 323 4530; x_wconf 87' lang='lat' dir='ltr'><strong>sed</strong></span> <span class='ocrx_word' id='word_1_372' title='bbox 341 4481 372 4531; x_wconf 92' lang='lat' dir='ltr'><strong>ut</strong></span> <span class='ocrx_word' id='word_1_373' title='bbox 389 4482 535 4547; x_wconf 86' lang='lat' dir='ltr'><strong>opponeret</strong></span> <span class='ocrx_word' id='word_1_374' title='bbox 551 4479 654 4548; x_wconf 85' lang='lat' dir='ltr'><strong>Stoicis,</strong></span> <span class='ocrx_word' id='word_1_375' title='bbox 672 4497 808 4535; x_wconf 90' lang='lat' dir='ltr'><strong>summum</strong></span> <span class='ocrx_word' id='word_1_376' title='bbox 826 4481 926 4535; x_wconf 90' lang='lat' dir='ltr'><strong>honum</strong></span> <span class='ocrx_word' id='word_1_377' title='bbox 944 4497 1003 4535; x_wconf 88' lang='lat' dir='ltr'><strong>esse</strong></span> <span class='ocrx_word' id='word_1_378' title='bbox 1021 4482 1077 4535; x_wconf 79' lang='lat' dir='ltr'><strong>frui</strong></span> <span class='ocrx_word' id='word_1_379' title='bbox 1094 4480 1128 4535; x_wconf 90' lang='lat' dir='ltr'><strong>iis</strong></span> <span class='ocrx_word' id='word_1_380' title='bbox 1146 4481 1234 4548; x_wconf 87' lang='lat' dir='ltr'><strong>rebus,</strong></span> <span class='ocrx_word' id='word_1_381' title='bbox 1254 4496 1320 4550; x_wconf 87' lang='lat' dir='ltr'><strong>quas</strong></span> <span class='ocrx_word' id='word_1_382' title='bbox 1338 4480 1437 4549; x_wconf 84' lang='lat' dir='ltr'><strong>primas</strong></span> <span class='ocrx_word' id='word_1_383' title='bbox 1455 4496 1503 4534; x_wconf 85' lang='lat' dir='ltr'><strong>ne·</strong></span> 
     </span>
     <span class='ocr_line' id='line_1_41' title="bbox 273 4567 1505 4640; baseline 0.001 -20"><span class='ocrx_word' id='word_1_384' title='bbox 273 4568 336 4621; x_wconf 73' lang='lat' dir='ltr'><strong>tura</strong></span> <span class='ocrx_word' id='word_1_385' title='bbox 354 4567 569 4623; x_wconf 83' lang='lat' dir='ltr'><strong>conciliavisset“</strong></span> <span class='ocrx_word' id='word_1_386' title='bbox 588 4571 673 4639; x_wconf 88' lang='lat' dir='ltr'><strong>(„uns</strong></span> <span class='ocrx_word' id='word_1_387' title='bbox 691 4570 877 4640; x_wconf 83' lang='lat' dir='ltr'><strong>zugeeignet“,</strong></span> <span class='ocrx_word' id='word_1_388' title='bbox 896 4570 947 4624; x_wconf 83' lang='lat' dir='ltr'><strong>wie</strong></span> <span class='ocrx_word' id='word_1_389' title='bbox 966 4571 1019 4625; x_wconf 90' lang='lat' dir='ltr'><strong>don</strong></span> <span class='ocrx_word' id='word_1_390' title='bbox 1037 4568 1361 4639; x_wconf 83' lang='lat' dir='ltr'><strong>Selbsterhaltungstrieb,</strong></span> <span class='ocrx_word' id='word_1_391' title='bbox 1382 4569 1505 4624; x_wconf 84' lang='lat' dir='ltr'><strong>Gesund·</strong></span> 
     </span>
    </p>
   </div>
   <div class='ocr_carea' id='block_1_5' title="bbox 0 0 1826 5225">
    <p class='ocr_par' dir='ltr' id='par_1_7' title="bbox 0 0 1826 5225">
     <span class='ocr_line' id='line_1_42' title="bbox 0 0 1826 5225; baseline 0 1"><span class='ocrx_word' id='word_1_392' title='bbox 0 0 1826 5225; x_wconf 95' lang='lat' dir='ltr'><strong> </strong></span> 
     </span>
    </p>
   </div>
  </div>
 </body>
</html>
