3642 5225
743 541 800 597 Lib.
820 541 870 610 111,
890 557 913 596 o.
932 543 1028 599 9-10.
1466 542 1501 602 87

363 705 452 771 Haec
474 706 521 771 sic
543 705 694 770 dicuntur
717 723 736 770 a
760 704 875 770 Stoicis
899 705 1195 787 concludunturque
1219 706 1402 771 contortius.
1438 705 1549 771 Sedrr

274 812 373 877 latins
397 813 561 894 aliquanto
585 812 718 877 dicenda
740 815 817 877 sunt
840 815 873 877 ct
895 810 1057 890 diffusius,
1086 812 1254 878 sententiis
1278 815 1387 878 tamen
1411 815 1503 878 uten-

273 918 351 984 dum
375 938 485 985 eorum
507 919 721 1004 potissimum,
744 920 799 1002 qui
822 919 959 984 maxime
982 918 1058 984 forti
1082 922 1123 997 et,
1146 921 1185 984 ut
1205 919 1253 984 ita
1276 919 1390 998 dicam,
1419 920 1504 985 virili

274 1028 412 1091 utuntur
433 1028 556 1092 ratione
580 1029 677 1109 atque
701 1027 868 1092 sententia.
914 1026 999 1092 Nam
1022 1025 1307 1110 Peripatetici,
1330 1026 1504 1092 familiares

273 1134 384 1212 nostri,
401 1134 516 1216 quibus
531 1134 612 1198 nihil
628 1136 677 1198 est
692 1134 830 1211 uberius,
845 1134 927 1198 nihil
942 1133 1107 1211 eruditius,
1129 1134 1211 1198 nihil
1226 1135 1363 1217 graviru,
1385 1135 1504 1201 medio·

275 1241 405 1306 critates
434 1242 486 1306 vel
515 1241 792 1324 perturbationum
815 1242 867 1307 vel
888 1242 1073 1306 morborum
1104 1241 1203 1306 animi
1230 1241 1310 1306 mihi
1338 1261 1402 1307 non
1426 1260 1503 1306 sane

274 1349 418 1431 probant
464 1347 567 1414 Omne
590 1349 675 1413 enim
698 1349 835 1427 malum,
866 1349 965 1413 etiam
988 1348 1161 1424 mediocre,
1194 1350 1317 1413 malum
1340 1351 1410 1424 est;
1444 1368 1503 1414 nos

275 1455 440 1520 autemid
463 1457 602 1538 agimus,
632 1459 670 1521 ut
692 1455 725 1520 id
746 1457 781 1520 in
804 1457 947 1539 sapiente
969 1456 1096 1521 nullum
1120 1456 1163 1520 sit
1185 1456 1322 1520 omnino.
1359 1455 1443 1520 Nam
1467 1457 1504 1520 ut

275 1580 405 1645 corpus,
438 1563 565 1628 etiamsi
587 1563 788 1629 mediocriter
811 1582 944 1646 aegrum
967 1564 1034 1641 est,
1069 1581 1185 1628 sanum
1213 1565 1367 1640 nonest,
1402 1562 1504 1627 sicin

275 1670 382 1734 animo
404 1669 468 1734 ista
489 1670 692 1736 mediocritas
715 1672 803 1735 caret
826 1671 911 1735 sanit
931 1672 973 1735 te.
1062 1668 1179 1752 Itaque
1206 1671 1367 1754 praeclare
1394 1669 1504 1747 nostri,

276 1895 431 1951 Teilnuhme
449 1912 483 1951 an
502 1897 577 1952 einer
594 1898 811 1968 Verschwdrung
828 1914 914 1968 gegen
931 1898 1086 1954 Alexander
1103 1899 1128 1954 d.
1144 1899 1198 1968 Gr,
1217 1899 1311 1954 seinen
1330 1898 1433 1968 Oheim,
1458 1899 1504 1954 be·

277 1984 395 2055 zichtigt.

351 2076 571 2146 stremonius]
595 2094 654 2145 „zu
677 2077 862 2145 verwiclrclt“,
885 2076 936 2131 wie
955 2079 1125 2146 „tortuosum
1144 2093 1229 2146 genus
1246 2077 1430 2147 disputandi“,
1454 2078 1502 2131 Ac.

276 2164 313 2233 H,
333 2165 381 2233 983
401 2165 589 2234 „contortulae
609 2165 863 2221 conclusiunculae“
882 2167 935 2237 (II,
953 2167 1014 2235 42),
1042 2166 1145 2236 bauai,
1173 2165 1295 2235 captioso
1317 2166 1372 2220 und
1390 2167 1504 2235 spinosa

239 2248 243 2255 ’
276 2255 385 2308 werden
402 2255 530 2309 meistens
547 2255 576 2309 in
594 2256 646 2310 den
663 2255 792 2326 Dialogen
805 2255 913 2313 Ciceros
931 2257 984 2310 den
997 2255 1119 2312 Stoilrem
1138 2256 1330 2325 rorgeworlen,
1350 2256 1403 2323 „ed
1418 2254 1504 2324 Chry·

276 2342 345 2412 sippi
371 2342 481 2413 laqueos
508 2344 654 2416 (Schlingc)
681 2349 881 2415 revertamur“,
909 2347 942 2400 de
969 2347 1025 2400 fato
1052 2348 1068 2415 ξ
1091 2348 1122 2413 7;
1158 2346 1302 2413 „contorta
1329 2347 1358 2400 et
1384 2343 1505 2400 aculeata

276 2433 438 2502 sophismata
455 2433 737 2504 (Stachelscbliisse)“,
755 2437 837 2491 Acad.
857 2436 893 2504 11,
909 2437 957 2504 753
976 2435 1044 2490 iiber
1061 2436 1113 2490 den
1131 2433 1237 2505 Mangel
1257 2451 1291 2488 an
1307 2434 1506 2498 binreissender

276 2522 476 2578 Bcredsumkeit
494 2539 515 2578 s.
535 2524 680 2579 besonders
697 2525 731 2579 de
749 2525 798 2578 fin.
816 2525 857 2580 IV
858 2565 865 2593 ,
880 2528 909 2581 l:
929 2525 996 2593 „Ita
1013 2525 1078 2594 ipsa,
1098 2541 1165 2594 quae
1183 2527 1214 2578 tu
1232 2524 1290 2594 (der
1302 2523 1415 2593 jiingere
1429 2522 1505 2592 Octo)

276 2611 407 2667 breviter:
427 2629 526 2682 regern,
545 2614 710 2682 dictatorem,
729 2613 839 2668 divitem
857 2613 943 2668 solum
962 2629 1029 2681 esse,
1047 2630 1064 2667 a
1081 2616 1109 2668 te
1128 2614 1234 2683 quidem
1253 2616 1314 2682 apte
1332 2616 1359 2667 et
1377 2613 1504 2681 rotunde;

277 2702 389 2771 quippe;
406 2702 490 2756 habes
504 2702 576 2756 enim
588 2719 604 2757 a
617 2703 782 2770 rhetoribus3
801 2702 908 2757 illorum
927 2703 1094 2772 (Stoicorum)
1113 2719 1177 2757 vero
1191 2702 1243 2757 ista
1255 2702 1313 2771 ipsa
1330 2719 1409 2771 quam
1424 2702 1506 2757 exilia

276 2791 310 2845 de
336 2791 443 2845 virtutis
460 2792 499 2845 vil
528 2808 608 2861 quam
631 2795 733 2847 unum
751 2791 846 2846 volunt
871 2808 945 2860 esse,
973 2794 1004 2846 ut
1027 2792 1134 2847 beatum
1156 2808 1205 2861 per
1227 2808 1257 2847 se
1283 2792 1395 2846 efficere
1412 2795 1504 2861 possit

276 2880 404 2949 Pungrmt
417 2882 492 2951 quusi
511 2881 610 2936 aculeis
627 2882 890 2951 interrogatiunculis
908 2882 1035 2951 angustis,
1055 2882 1151 2951 quibus
1165 2881 1245 2937 etiarn
1259 2882 1304 2951 qui
1318 2882 1505 2936 adsentiuntur

277 2970 346 3023 nihil
359 2973 559 3025 commutantur
571 2970 659 3027 animo
675 2975 703 3026 et
715 2972 796 3026 iidem
810 2972 918 3040 abeunt,
933 2971 979 3041 qui
992 2974 1136 3039 venerant;
1155 2987 1200 3026 res
1213 2970 1284 3025 euim
1296 2972 1410 3026 sonasse
1423 2989 1504 3027 verae

277 3062 351 3113 certe
368 3076 478 3129 graves,
500 3077 555 3114 non
573 3060 611 3115 ita
629 3063 790 3128 mactantur,
809 3064 840 3115 ut
857 3061 969 3124 debent,
988 3060 1034 3114 sed
1054 3060 1189 3129 aliquanto
1207 3059 1365 3114 minutius“.
1402 3060 1504 3115 Darum

276 3148 369 3217 glaubt
386 3149 434 3202 der
451 3150 559 3204 Redner
576 3149 670 3206 Cicero
694 3151 721 3203 in
740 3150 829 3204 seiner
846 3151 897 3204 Art
920 3149 1045 3203 instituto
1068 3166 1118 3202 suo
1143 3149 1186 3201 die
1211 3148 1344 3203 stoischen
1362 3149 1506 3204 Gedanlreu

277 3238 363 3292 latias
381 3243 406 3291 ct
423 3239 556 3307 diffusius
574 3239 636 3307 („in
655 3238 786 3293 breitcrer
798 3238 854 3291 und
868 3236 1062 3306 zwaugloserer
1074 3235 1283 3306 Ausliihmug“)
1302 3236 1454 3292 behundeln
1472 3256 1506 3293 zu

277 3328 370 3382 sohen.
384 3359 419 3367 -
439 3327 538 3396 quibua
551 3327 628 3381 nihil
640 3328 775 3381 mitius
790 3328 842 3396 ...]
861 3326 897 3379 im
913 3325 1055 3395 Vergleich
1069 3342 1103 3379 zu
1117 3325 1239 3380 walchen
1253 3342 1282 3381 es
1295 3326 1373 3381 heine
1387 3328 1505 3396 grdlsero

277 3417 369 3486 lliille,
393 3416 619 3485 Gelebrsaurheit,
643 3416 835 3486 Gediegcnhcit
856 3416 913 3485 gibt
932 3440 964 3462 =
984 3414 1115 3470 Mduuem
1140 3414 1191 3469 mit
1212 3416 1261 3470 der
1283 3414 1419 3471 reicbsten
1436 3417 1505 3471 Dar·

277 3506 487 3575 stellungsgabe,
513 3505 563 3559 mit
586 3505 636 3561 der
660 3506 779 3575 grolsten
798 3504 1009 3560 Gelehrsamlreit
1032 3506 1087 3559 und
1106 3505 1167 3560 dem
1191 3505 1382 3575 gediegensten
1400 3505 1503 3561 Gebalt.

277 3597 335 3650 Der
351 3595 489 3663 Peripatos
513 3595 561 3648 bat
583 3595 637 3650 last
655 3594 795 3649 sdmtliche
813 3594 1046 3649 wissenschaften
1065 3595 1215 3665 begriindet
1238 3595 1292 3648 und
1315 3594 1366 3648 mit
1387 3594 1505 3649 reichem

277 3684 400 3739 Material
415 3684 570 3754 (mediteris)
589 3686 645 3739 und
663 3684 691 3737 in
710 3685 831 3753 scbbner,
849 3684 936 3739 voller
948 3684 1028 3739 Fcrm
1043 3684 1174 3753 (oseem)
1189 3684 1344 3753 autgebaut3
1363 3685 1414 3738 den
1428 3684 1505 3739 Peri-

277 3773 425 3843 patetilrern
443 3773 494 3827 wie
512 3775 564 3828 den
576 3774 772 3828 Ahudemilrem
788 3774 943 3827 verdanlren
961 3773 1005 3827 die
1018 3773 1126 3827 Redner
1142 3772 1196 3826 viel
1215 3772 1381 3841 (familiares
1393 3774 1506 3841 πυκνῆς

278 3863 338 3917 eine
356 3864 524 3933 Aumalsung
545 3863 595 3917 der
618 3864 748 3932 jiingeren
767 3862 948 3932 Philosophen
972 3862 1008 3916 ist
1031 3878 1060 3917 es
1085 3862 1162 3930 eber,
1189 3878 1268 3915 wenn
1286 3862 1329 3915 die
1355 3862 1434 3916 einen
1458 3862 1505 3915 be-

277 3953 410 4023 baupteu,
438 3952 634 4007 Demosthenes
661 3952 795 4007 verdanlre
822 3952 897 4007 scine
925 3951 1115 4006 reduerischen
1141 3952 1266 4020 Vorziige
1293 3951 1354 4004 deur
1381 3950 1504 4004 Studium

278 4043 326 4097 der
349 4041 568 4097 Aristotehschen
587 4041 729 4111 Rhetorilr,
755 4042 798 4096 die
817 4042 949 4108 anderen,
976 4040 1014 4094 sie
1039 4040 1112 4095 seien
1136 4040 1179 4095 die
1203 4040 1304 4095 Frucht
1327 4040 1376 4094 der
1399 4040 1506 4094 Lehren

277 4131 377 4186 Platae.
403 4162 437 4171 -
464 4131 672 4201 medeberitetcs]
699 4135 818 4206 μεσότης
843 4136 859 4200 ἡ
884 4134 979 4204 epesi„
1007 4130 1076 4184 auch
1104 4130 1147 4184 die
1171 4129 1282 4184 Affelrte
1308 4128 1431 4183 verwirlt
1458 4130 1507 4183 der

277 4220 416 4290 Peripetcs
440 4219 608 4289 (Aristoteles
631 4220 686 4273 und
708 4219 882 4288 Theophrast)
906 4218 994 4287 nicht,
1019 4218 1072 4289 vgl.
1097 4218 1165 4273 oben
1184 4221 1199 4289 9
1218 4220 1253 4274 10
1276 4218 1323 4272 das
1346 4217 1415 4272 zitas
1438 4218 1508 4273 iiber

278 4322 459 4385 veprosa-
488 4308 574 4363 Ornnc
595 4309 670 4362 enim
692 4310 800 4363 malum
818 4349 824 4362 .
839 4349 865 4362 ..
884 4310 991 4363 malum
1013 4310 1061 4379 cst]
1086 4309 1149 4363 echt
1171 4307 1282 4376 stoisch,
1307 4306 1371 4361 wie:
1397 4308 1506 4376 Tugeud

277 4400 314 4453 ist
329 4399 450 4468 lugend,
473 4398 510 4453 ist
526 4398 627 4468 gleich,
647 4398 716 4453 ohne
735 4397 1048 4468 Steigerungsfdhiglreit,
1066 4397 1259 4452 unverlierbar.
1278 4428 1313 4437 -
1331 4397 1388 4451 ista
1404 4397 1505 4451 media

278 4489 375 4558 critas]
400 4487 516 4544 niimlich
540 4488 613 4542 meli
635 4488 700 4542 oder
723 4487 916 4557 aeprrludimir.
941 4518 975 4527 -
999 4487 1141 4556 praeclare
1164 4486 1265 4557 norim]
1291 4487 1432 4555 „treffend
1457 4486 1508 4540 wir

277 4577 407 4633 Romam&
1506 4577 1577 4665 Δ
