3642 5225
763 558 1013 626 mame
1452 558 1504 618 ru

272 723 367 787 mala.
405 722 602 786 Dicebantur
624 722 712 796 haec,
736 739 817 802 quae
841 721 969 803 scripsit
992 720 1090 785 etiam
1105 720 1381 786 Antiochus'locis
1404 722 1503 805 pluri-

273 832 343 906 bus,
366 829 550 893 virtutem
573 829 701 911 ipsam
725 847 796 911 per
819 847 859 893 se
882 829 1044 893 beatam
1066 829 1184 892 vitam
1208 827 1367 923 efficere
1390 848 1502 912 posse

273 955 403 1018 neque
425 937 559 1000 tamen
582 935 884 1008 beatissimam
908 933 1020 999 deinde
1037 953 1075 998 ex
1089 934 1208 999 maiore
1224 938 1315 1018 parte
1331 935 1501 1018 plerasque

273 1064 324 1108 res
347 1044 512 1119 nominari,
535 1041 661 1106 etiamsi
685 1060 766 1123 quae
789 1060 864 1124 pars
883 1043 1019 1119 abesset,
1041 1043 1080 1105 nt
1101 1043 1194 1119 vires,
1216 1044 1254 1107 ut
1276 1041 1500 1119 valetudinem,

273 1155 311 1215 ut
334 1150 475 1227 divitias,
505 1151 543 1212 ut
569 1150 736 1226 honorem,
767 1156 805 1212 ut
827 1150 976 1230 gloriam,
1006 1167 1088 1230 quae
1116 1167 1246 1231 genere,
1275 1168 1338 1213 non
1365 1169 1498 1214 numero

273 1261 494 1332 cernerentur,
517 1257 596 1321 item
611 1258 739 1320 beatam
753 1257 862 1333 111111,
885 1256 1011 1321 etiamsi
1034 1275 1071 1321 ex
1095 1256 1202 1337 aliqua
1220 1257 1310 1339 parte
1327 1257 1499 1334 clauderet,

274 1367 382 1428 tamen
405 1383 443 1428 111
466 1365 567 1428 multo
590 1364 708 1428 maiore
736 1368 826 1446 parte
850 1363 992 1428 obtinere
1014 1381 1130 1427 nomen
1154 1382 1258 1427 sunm.
1303 1363 1391 1428 Haec
1413 1382 1544 1429 nuncrs

274 1471 440 1536 enucleare
463 1490 526 1535 non
548 1472 595 1534 ita
616 1490 745 1535 necesse
769 1473 827 1549 est,
852 1489 1049 1552 quamquam
1071 1489 1135 1535 non
1158 1471 1414 1535 constantissime
1438 1471 1500 1536 dici

273 1578 352 1642 mihi
374 1578 532 1643 videntur.
576 1578 661 1642 Nam
685 1579 733 1654 et,
757 1578 812 1659 qui
834 1578 948 1641 beatus
973 1579 1037 1655 est,
1067 1596 1132 1641 non
1154 1577 1321 1658 intellego,
1352 1576 1428 1658 quid
1451 1596 1500 1641 11-

274 1686 389 1766 quirat,
412 1687 451 1748 ut
473 1685 515 1748 sit
536 1684 658 1749 beatior
688 1684 728 1767 (si
752 1686 802 1749 est
824 1685 918 1762 enim,
943 1683 1027 1766 quod
1051 1684 1141 1761 desit,
1170 1703 1209 1749 ne
1233 1685 1346 1748 beatus
1371 1683 1499 1766 quidem

274 1791 351 1874 est),
386 1793 433 1868 et,
467 1790 550 1871 quod
584 1809 622 1854 111
656 1791 774 1854 maiore
808 1793 899 1874 parte
932 1810 1029 1855 unam
1045 1786 1218 1873 ‘quamque
1248 1810 1317 1856 rem
1348 1791 1500 1874 appellari

274 1899 474 1981 spectarique
491 1897 610 1975 dicunt,
634 1902 684 1962 est
705 1898 760 1963 ubi
783 1898 815 1961 id
838 1898 900 1962 isto
923 1898 1016 1962 modo
1033 1898 1154 1973 valeat3
1179 1917 1251 1963 cum
1267 1916 1340 1963 vero
1364 1898 1426 1962 tria
1447 1917 1501 1980 ge-

273 2024 351 2069 nera
382 2005 542 2069 malornm
572 2024 640 2069 esse
665 2005 787 2081 dicant,
817 2005 872 2087 qui
895 2005 1031 2069 duorum
1054 2024 1209 2087 generum
1235 2006 1329 2069 malis
1353 2006 1499 2069 omnibus

274 2114 442 2193 urgeatur,
474 2115 513 2176 ut
535 2113 641 2176 omnia
664 2111 797 2176 adversa
827 2113 892 2176 sint
919 2112 1117 2189 infortuna,
1146 2112 1290 2177 omnibns
1314 2129 1500 2194 oppressum

275 2238 388 2302 corpus
418 2221 452 2283 et
482 2219 662 2284 coniectum
685 2219 860 2296 doloribus,
890 2219 965 2283 huic
987 2220 1161 2302 paulumne
1186 2218 1226 2282 ad
1248 2219 1376 2282 beatam
1399 2218 1501 2283 vitam

275 2326 384 2390 deesse
408 2325 558 2403 dicemus
581 2346 643 2390 non
666 2327 760 2391 modo
784 2326 824 2390 ad
847 2327 1090 2390 beatissimam?

363 2433 433 2498 Hoc
458 2434 538 2497 illud
566 2437 630 2511 est,
658 2433 742 2515 quod
771 2433 1082 2516 Theophrastus
1113 2433 1270 2498 sustinere
1297 2452 1361 2497 non
1387 2418 1543 2546 potuit?⁴

275 2540 359 2604 Nam
375 2560 447 2605 oum
464 2541 633 2605 statuisset
649 2541 788 2617 verbera,
804 2543 974 2618 tormenta,
990 2540 1160 2617 cruciatus,
1175 2540 1297 2624 patriae
1314 2541 1500 2618 eversiones,

276 2648 394 2723 exsilia,
418 2649 571 2713 orbitates
587 2667 737 2730 magnam
755 2649 816 2713 vim
833 2648 950 2713 habere
974 2648 1013 2712 ad
1028 2649 1112 2713 male
1128 2649 1305 2729 misereque
1323 2648 1501 2725 vivendum,

275 2774 338 2818 non
369 2757 418 2818 est
448 2773 545 2819 ausus
576 2757 658 2820 elate
690 2757 722 2820 et
745 2756 850 2838 ample
879 2755 982 2837 loqui,
1013 2774 1086 2819 cnm
1114 2755 1278 2819 humiliter
1301 2755 1501 2836 demisseque

276 3021 416 3088 „Athenas
496 3021 684 3091 demigravit“.
703 3054 738 3062 —
756 3040 840 3091 neque
853 3027 946 3076 tameo
959 3020 1157 3090 beatissimum]
1177 3019 1228 3074 Die
1240 3018 1505 3087 Peripatetilrer

275 3110 331 3162 und
350 3110 579 3165 Ahademiher
595 3111 712 3165 nahmen
730 3110 854 3165 dreierlei
873 3111 957 3165 Giiter
981 3127 1015 3164 an
1041 3114 1080 3179 (so
1104 3110 1172 3163 auch
1194 3109 1223 3162 in
1245 3109 1297 3162 den
1316 3108 1503 3176 Rhetorihenl:

275 3198 375 3263 animi,
395 3199 523 3268 corporis,
542 3204 665 3267 marna,
684 3200 726 3253 die
739 3200 930 3269 Behauptung:
949 3200 1076 3253 virtutem
1090 3199 1183 3269 ipsam
1195 3216 1246 3268 per
1258 3215 1286 3251 sc
1299 3198 1405 3251 11111111
1418 3196 1505 3250 citam

275 3287 380 3356 efficere
393 3305 483 3357 posse,
501 3305 585 3357 neque
602 3293 693 3342 tamen
711 3288 898 3342 demissiorem
917 3288 983 3341 wird
1002 3288 1030 3340 in
1048 3288 1101 3342 den
1119 3287 1351 3356 philosophischen
1370 3286 1506 3340 Schriften

276 3378 317 3430 oft
331 3376 453 3434 ,1111111
477 3376 558 3431 bezw.
584 3377 728 3446 behtmpit.
766 3377 915 3431 Gehandelt
938 3377 1012 3432 hatte
1039 3377 1105 3431 iiber
1129 3377 1206 3431 beata
1229 3377 1287 3431 cito
1311 3379 1385 3450 (περὶ
1411 3378 1504 3432 εὐδαι-

275 3466 387 3540 μονίας)
405 3466 609 3534 Theophrast
627 3468 658 3536 (s.
677 3466 727 3534 111,
747 3469 801 3535 21),
819 3467 916 3521 dessen
934 3466 1009 3521 Buoh
1029 3467 1092 3537 „De
1110 3466 1231 3520 (11111111ιι
1250 3467 1296 3520 fiir
1312 3466 1404 3521 Cicero
1424 3465 1505 3519 eben·

275 3554 338 3609 ialls
361 3555 534 3610 verwandten
555 3555 628 3610 Stoif
651 3556 708 3624 hot,
732 3557 788 3610 und
813 3555 1014 3610 Antiochus
1033 3557 1111 3625 (quac
1133 3556 1247 3624 scrcpsit
1270 3555 1336 3609 locis
1355 3554 1504 3625 pluribus),

276 3645 325 3698 der
343 3647 417 3698 sonst
435 3644 512 3698 mehr
529 3645 614 3699 durch
632 3647 762 3715 Vortri'age
780 3644 820 3699 als
838 3646 974 3701 Schriften
993 3646 1104 3714 gewirlrt
1123 3663 1156 3699 zu
1174 3645 1261 3699 haben
1280 3644 1392 3698 scheint.

361 3812 587 3873 Konseqnens
604 3811 649 3860 111
666 3813 715 3861 den
732 3812 945 3868 Peripatetikern
962 3814 1015 3861 und
1032 3812 1211 3869 Epiknreernt
1248 3808 1273 3874 (ᾖ
1291 3804 1417 3871 22-32.)

350 3925 391 3967 rs.
418 3913 567 3982 1111111111]
593 3913 778 3981 „auslrernen,
802 3913 860 3967 lrlar
884 3914 1027 3968 machen“.
1056 3946 1090 3954 —
1118 3912 1346 3981 cmcstoatissime]
1372 3912 1509 3965 111111·

277 4000 382 4055 tiochns
395 4001 522 4056 lrritisiert
535 4002 629 4059 cicero
647 4018 710 4057 rom
723 4002 906 4072 Standpunlrte
921 4003 969 4057 der
987 4004 1121 4057 stoischen
1134 4002 1222 4069 Ethilr,
1242 4001 1339 4055 ebenso
1358 4001 1409 4054 den
1423 4001 1513 4055 Theos

277 4090 384 4157 phraet,
408 4090 504 4145 dassen
522 4092 698 4160 Konsequenz
724 4107 755 4145 11
776 4091 841 4145 aber
857 4091 1000 4161 verteidigt
1024 4097 1055 4158 (s.
1075 4108 1100 4145 u.
1119 4091 1252 4145 sustinere
1274 4107 1331 4143 aori
1344 4090 1453 4160 potuit).
1474 4121 1513 4133 -

277 4196 309 4232 aa
331 4178 437 4233 maiore
457 4181 546 4249 porte]
571 4180 616 4234 ein
633 4179 798 4250 Schlagwort
821 4182 867 4234 fiir
885 4182 1003 4256 Ν111111-1
1022 4181 1077 4234 und
1094 4180 1269 4249 Titelgebung
1291 4180 1341 4233 wie
1365 4180 1413 4233 das
1436 4183 1513 4248 spat-

277 4266 434 4322 lateinische
452 4286 472 4322 a
485 4274 565 4339 porte
578 4269 690 4339 potiori.
710 4301 744 4309 -
763 4276 802 4323 est
819 4270 881 4340 ubi]
901 4274 978 4327 ἔστιν
996 4273 1068 4326 ὅπου
1086 4270 1166 4339 (drot
1187 4267 1376 4336 „bisweilen“.

351 4410 478 4479 11111.
518 4424 559 4467 14,
584 4412 641 4466 Hoc
659 4413 731 4467 illua
749 4430 872 4468 „.aoo
888 4412 1032 4481 sustinuit]
1056 4412 1125 4466 Dem
1144 4411 1226 4466 Sinna
1248 4410 1331 4465 nach:
1356 4411 1391 4465 ab
1413 4411 1510 4466 animo

276 4516 335 4553 non
350 4498 520 4569 ionpctracit,
545 4506 576 4555 ut
590 4502 748 4571 pugnantia
765 4502 863 4555 diceret
884 4502 1111 4570 pomoamoaom
1128 4500 1288 4555 Antiochus.
1314 4532 1347 4540 —
1373 4501 1509 4569 orbitates]

277 4588 407 4657 „Verlnst
432 4605 483 4643 von
510 4590 719 4660 Angehtrigen“
745 4590 884 4660 („amissio
912 4592 1043 4644 suorum“
1068 4593 1084 4660 ᾗ
1108 4592 1162 4659 19).
1191 4622 1225 4630 -
1252 4590 1379 4658 demisso]
1403 4589 1515 4656 „hlaine
