3642 5225
746 518 996 588 mama
1433 517 1485 576 ru

345 681 412 746 Nec
428 700 502 746 vero
517 681 717 764 Pythagoras
733 681 870 745 nominis
887 681 990 745 solum
1014 681 1167 759 inventor,
1192 681 1247 746 sed
1264 700 1371 746 rerum
1387 671 1517 745 etiam4

253 789 400 872 ipsarum
423 789 631 871 amplificator
654 788 725 852 fuit.
771 787 834 867 Qui
858 807 932 852 cum
962 791 1035 872 post
1058 789 1143 853 hunc
1165 788 1344 853 Phliasium
1367 807 1486 853 sermo·
1499 759 1529 802 ¹⁰

257 915 332 959 nem
359 895 393 958 in
414 895 545 959 Italiam
568 895 722 972 venisset,
755 895 919 960 exornavit
949 914 1020 960 eam
1044 894 1227 974 Graeciam,
1257 915 1338 977 quae
1368 913 1486 978 magna

254 1003 343 1067 dicta
366 1005 430 1078 est,
463 1005 496 1066 et
524 1003 675 1086 privatim
703 1006 736 1067 et
758 1002 884 1086 publice
908 1003 1193 1086 praestantissimis
1217 1006 1250 1067 et
1272 1004 1429 1067 institutis
1453 1004 1486 1067 et

255 1110 391 1174 artibus.
436 1108 535 1175 Cuius
559 1109 598 1174 de
622 1109 789 1192 disciplina
812 1109 900 1173 aliud
923 1112 1051 1192 tempus
1074 1109 1171 1173 fuerit
1194 1109 1329 1174 fortasse
1352 1109 1485 1174 dicendi.

260 1216 323 1281 Sed
347 1217 386 1280 ab
415 1217 547 1298 antiqua
570 1216 769 1300 philosophia
797 1236 900 1298 usque
932 1217 972 1280 ad
997 1215 1177 1293 Socratem,
1208 1218 1263 1299 qui
1286 1218 1486 1296 Archelaum,

259 1327 463 1407 Anaxagorae
487 1324 695 1406 discipulum,
719 1323 880 1400 audierat,
910 1324 1037 1388 numeri
1060 1324 1230 1406 motusque
1255 1326 1486 1402 tractabantur,

256 1434 292 1495 ot
315 1431 397 1495 unde
421 1432 527 1495 omnia
551 1434 717 1496 orerentur
740 1450 841 1513 quove
864 1432 1058 1509 reciderent,
1088 1432 1292 1513 studioseque
1316 1433 1355 1496 ab
1383 1433 1421 1496 iis
1446 1434 1487 1497 si-

257 1538 371 1620 derum
399 1539 652 1620 magnitudines,
683 1539 867 1615 intervalla,
898 1558 1012 1604 cursus
1036 1540 1289 1621 anquirebantur
1318 1544 1350 1602 et
1373 1541 1488 1605 cuncta

256 1645 416 1710 caelestia.
464 1645 610 1710 Socrates
633 1649 742 1710 autem
765 1646 888 1729 primus
911 1646 1143 1730 philosophiam
1167 1646 1331 1711 devocavit
1360 1665 1377 1711 e
1401 1647 1488 1712 caelo

259 1754 294 1816 et
321 1752 356 1815 in
383 1753 516 1817 urbibus
547 1753 723 1817 conlocavit
752 1755 785 1817 et
813 1753 847 1816 in
870 1753 983 1817 domus
1012 1754 1108 1818 etiam
1132 1753 1308 1819 introduxit
1330 1757 1363 1817 et
1386 1757 1489 1836 coegit

261 1858 302 1922 de
317 1859 386 1922 vita
409 1862 442 1923 et
456 1859 597 1922 moribus
620 1860 779 1940 rebusque
803 1859 893 1923 bonis
918 1862 951 1923 et
973 1860 1067 1924 malis
1092 1879 1253 1942 quaerere.
1292 1859 1390 1926 Cuius
1406 1861 1489 1925 mul·
1502 1882 1530 1922 ιι

263 1965 362 2048 tipler
390 1966 471 2030 ratio
502 1965 686 2049 disputandi
716 1984 888 2048 rerumque
920 1967 1057 2031 varietas
1091 1970 1124 2031 et
1153 1967 1272 2048 ingenii
1301 1969 1487 2049 magnitudo

263 2071 405 2136 Platonis
435 2072 588 2136 memoria
618 2076 651 2136 et
681 2071 798 2136 litteris
829 2075 1015 2137 consecrata
1043 2072 1136 2155 plura
1159 2091 1276 2155 genera
1299 2072 1403 2137 effecit
1426 2075 1489 2138 dis-

262 2179 469 2243 sentientium
493 2179 761 2262 philosopborum‚
785 2199 801 2243 e
826 2179 942 2261 quibus
967 2198 1023 2243 nos
1046 2180 1080 2243 id
1102 2179 1305 2262 potissimum
1330 2181 1487 2246 consecut'

263 2305 391 2363 sumus,
422 2305 484 2367 quo
509 2285 672 2350 Socratem
696 2305 792 2350 usum
816 2287 1067 2363 arbitrabamur,
1097 2288 1135 2350 ut
1157 2288 1300 2350 nostram
1330 2287 1392 2370 ipsi
1420 2307 1491 2351 aen·

263 2393 398 2457 tentiam
414 2395 604 2474 tegeremus,
628 2412 731 2457 errore
748 2395 826 2459 alios
846 2395 1026 2459 levaremus
1051 2394 1138 2458 etin
1160 2394 1246 2458 omni
1268 2394 1491 2477 disputatione,

264 2499 341 2582 quid
376 2502 460 2565 esset
494 2501 693 2565 simillimum
728 2501 809 2578 veri,
845 2519 1080 2582 quaereremus.
1134 2499 1237 2579 Quem
1266 2520 1387 2566 morem
1418 2522 1492 2567 oum

264 2712 331 2767 utile
353 2712 406 2766 init
428 2713 508 2767 rebus
530 2712 644 2781 publicis
666 2712 847 2780 delectavit“;
872 2712 925 2782 vgl.
945 2713 1013 2767 oben
1030 2713 1078 2782 IV,
1097 2715 1145 2768 51:
1173 2730 1337 2783 „numquam
1357 2714 1492 2783 privatum

264 2802 412 2871 sapientem
432 2818 490 2856 esse
508 2805 617 2871 posse“.
650 2801 723 2856 Aber
741 2818 772 2855 er
789 2801 879 2857 wollta
897 2802 972 2856 aeine
991 2802 1137 2857 vomehme
1155 2802 1274 2872 Haltung
1291 2804 1356 2857 oder
1374 2805 1492 2858 Zuriich·

265 2890 377 2960 haltung
393 2891 422 2944 in
440 2891 500 2945 dem
518 2892 618 2961 jungeri
637 2891 806 2946 Militirstaat
823 2892 929 2961 (darauf
946 2891 1026 2960 spielt
1042 2891 1113 2945 wohl
1131 2893 1179 2947 der
1197 2893 1307 2961 „grosse
1320 2892 1428 2946 Μιιιιιιιι
1448 2894 1492 2960 an)

266 2981 457 3051 rechtiertn'gen
474 2982 529 3035 und
547 2981 605 3035 sich
623 2980 706 3035 selbst
723 2982 834 3036 tristem

337 3123 415 3192 Kap.
435 3124 466 3181 4.
509 3137 548 3178 ro.
567 3112 642 3178 Uber
660 3124 711 3176 den
725 3122 844 3176 Itinilnls
862 3123 911 3176 der
924 3122 1106 3191 Pythagoreer
1123 3139 1144 3176 s.
1159 3139 1182 3177 o.
1198 3140 1232 3176 zu
1245 3126 1261 3193 ᾖ
1273 3126 1298 3178 2.
1317 3156 1352 3164 -
1370 3124 1495 3178 incentor

328 3212 523 3282 amplificator]
543 3228 621 3278 „war
635 3228 672 3278 es,
690 3211 790 3265 der
806 3211 964 3265 auibracbte
1032 3212 1212 3266 erweiterte“.
1231 3243 1266 3252 -
1283 3213 1368 3280 fucrit
1387 3215 1430 3281 (=
1446 3214 1493 3281 sit)

265 3302 380 3367 fortasse
397 3301 516 3371 dicenda]
536 3300 629 3357 Cicero
643 3303 704 3370 trng
717 3301 782 3368 sich,
802 3300 906 3355 scheint
925 3315 962 3368 es,
980 3301 1030 3354 mit
1046 3302 1108 3355 dem
1123 3300 1204 3355 Plane
1218 3301 1292 3355 einer
1305 3300 1495 3355 llinzelsobriit

267 3389 334 3444 iiber
351 3389 394 3444 die
413 3390 510 3445 Schule
528 3390 576 3445 des
594 3390 767 3460 Pythagoras.
788 3421 820 3429 -
847 3390 1022 3460 Arclaelcom]
1046 3406 1099 3444 von
1117 3390 1205 3458 Milat,
1225 3394 1355 3464 φυσικός
1380 3390 1494 3445 Artaco-

264 3497 348 3549 9oras
365 3481 445 3533 unter
462 3479 582 3534 Perilles
599 3479 739 3534 verbannt.
758 3510 793 3519 -
817 3480 931 3533 numeri
946 3482 1094 3549 motusque]
1114 3479 1294 3547 astronomia,
1314 3479 1494 3546 Mathematik,

267 3568 355 3621 Musilr
380 3568 457 3636 (dazu
480 3568 629 3637 Rhythmilr
654 3569 709 3623 und
732 3569 921 3636 Grammatilrl3
947 3569 989 3623 die
1014 3568 1093 3622 Ethilr
1117 3569 1208 3622 wurde
1231 3585 1283 3622 von
1307 3569 1359 3622 den
1382 3575 1498 3641 φυσικοί

267 3657 369 3725 (ausser
385 3657 437 3711 den
455 3658 666 3727 Pythagoream)
689 3658 907 3727 veruaobliissigt
933 3690 967 3698 —
992 3676 1072 3727 quota
1093 3658 1249 3727 reciderent]
1274 3658 1431 3711 bezeichnet
1453 3658 1496 3712 dia

267 3747 352 3816 Frage
375 3747 462 3815 „oder
480 3746 580 3801 worein
599 3748 783 3816 versiinlren“;
808 3763 838 3801 so
862 3747 976 3802 stahend
1000 3748 1047 3800 fiir
1065 3748 1275 3817 „Untergang“.
1301 3779 1335 3787 -
1362 3747 1495 3817 Socratas]

267 3836 367 3891 Auiser
379 3837 428 3890 der
440 3836 521 3891 Ethib
535 3842 605 3892 wilre
620 3836 659 3891 als
672 3837 731 3891 sein
744 3836 889 3890 Verdienst
902 3837 949 3890 das
964 3835 1131 3905 begriffliohe
1145 3836 1258 3890 Denlren
1276 3854 1309 3890 zu
1323 3837 1445 3890 betonen.
1462 3868 1496 3876 -

266 3927 380 3996 caedo]
399 3927 464 3980 kurz
482 3929 547 3981 statt
565 3943 640 3995 „von
658 3927 708 3981 der
725 3925 936 3995 Besch'aitigung
953 3925 1002 3979 mit
1020 3926 1073 3980 den
1085 3925 1446 3995 Himmelsgogonstandenss‘.
1463 3958 1496 3965 -

267 4014 361 4085 wigii]
380 4015 448 4083 „bat
465 4016 504 4070 sie
523 4016 688 4070 bestimmt“.

345 4118 383 4159 rr.
397 4105 539 4173 multiplea
549 4105 623 4160 ratri>
634 4104 808 4175 disputandi]
819 4104 884 4173 „die
891 4104 1084 4173 Vielseitigkeit
1091 4104 1181 4159 seiner
1190 4102 1441 4173 (philosophisohen)
1448 4103 1497 4156 Er-

269 4195 430 4263 lirterungen
438 4196 462 4247 “.
478 4226 512 4233 -
530 4194 664 4249 manerio
677 4200 701 4249 ct
714 4194 822 4263 litteras]
836 4193 944 4262 „durch
957 4193 999 4248 die
1012 4193 1250 4263 anigezeichneten
1259 4193 1498 4261 hlrinnerungen“;

268 4283 363 4338 freier:
373 4283 689 4352 „PlatcstreuoPeder“.
699 4315 731 4323 —
741 4283 907 4352 consecrato]
919 4282 1100 4350 „unsterblich
1107 4281 1238 4351 gemacht,
1246 4282 1407 4351 vercwigt“;
1420 4298 1498 4336 sozu-

269 4388 351 4442 sagon
363 4373 592 4443 „apotheosiert“.
604 4404 639 4413 —-
649 4390 749 4444 genera
761 4414 767 4426 .
777 4413 798 4426 ..
811 4372 1042 4440 discernentium]
1053 4371 1160 4439 Sehten,
1171 4376 1300 4447 αἱρέσειςε
1314 4371 1497 4440 Abademilrer,

270 4461 475 4531 Peripatetiher,
493 4462 610 4530 Stoiker,
629 4463 808 4532 Kyrenailier,
827 4461 961 4530 Kynilrer,
980 4460 1126 4529 Epibureer
1149 4477 1175 4513 n.
1194 4477 1218 4515 a
1244 4492 1278 4499 -
1302 4463 1457 4531 tegeremus]
1477 4477 1498 4515 s.

270 4550 339 4604 Einl.
358 4550 384 4606 S.
404 4554 429 4608 7.
452 4584 485 4593 -
511 4552 692 4607 simillimam
709 4551 781 4621 ocri]
807 4540 880 4605 [lber
903 4549 947 4603 die
965 4549 1048 4604 Wahl
1071 4549 1158 4603 dieses
1181 4548 1270 4604 seinos
1295 4549 1499 4604 akademisohen
