3642 5225
747 541 803 594 rra.
822 541 856 608 w,
875 557 898 595 ο.
919 543 1032 597 1r-1e.
1452 541 1508 602 1⁶⁵

273 702 422 781 formido,
445 703 615 781 timiditas,
638 723 749 786 pavor,
778 703 920 786 ignavia;
952 722 1038 785 ergo,
1068 705 1106 768 ut
1129 704 1214 769 idem
1236 705 1384 770 vineatur
1406 704 1507 768 iuter·

275 810 353 874 dum
377 830 436 875 neo
458 813 551 894 putet
574 809 614 874 ad
637 830 671 876 se
694 813 898 895 praeceptum
922 811 1001 875 illud
1024 812 1114 875 Atrei
1137 812 1313 896 pertinere:

386 935 560 1000 Proinde
584 935 645 999 ita
667 938 814 1020 parent
837 956 876 1001 se
900 936 940 999 in
963 936 1061 1014 vita,
1086 939 1128 1000 ut
1150 937 1261 1002 vinei
1282 936 1481 1002 nesciant.

273 1079 336 1143 Hie
359 1083 468 1143 autem
491 1080 649 1156 vincetur,
678 1082 716 1144 ut
739 1079 815 1157 dixi,
845 1098 904 1144 neo
927 1079 1020 1143 modo
1043 1080 1200 1157 vinoetur,
1231 1080 1287 1145 sed
1316 1080 1413 1145 etiam
1437 1099 1503 1144 ser-

273 1187 355 1259 viet3
380 1189 414 1250 at
436 1205 494 1250 uos
518 1186 671 1251 virtutem
694 1205 819 1269 semper
841 1187 976 1250 liberam
999 1187 1161 1264 volumus,
1185 1206 1310 1270 semper
1332 1188 1500 1262 inviotam;

276 1312 357 1375 quae
380 1293 442 1358 nisi
465 1296 555 1370 sunt,
586 1294 714 1357 sublata
736 1294 838 1358 virtus
862 1296 921 1357 est.
967 1297 1072 1374 Atque
1101 1294 1129 1357 si
1151 1294 1184 1357 in
1207 1295 1326 1358 virtute
1350 1295 1429 1360 satis
1453 1299 1547 1360 estis

273 1400 423 1483 praesidii
451 1401 490 1464 ad
519 1402 597 1465 bene
626 1401 813 1478 vivendum,
844 1401 923 1465 satis
947 1404 997 1464 est
1020 1401 1118 1464 etiem
1141 1401 1182 1464 ad
1204 1401 1314 1476 beate,
1345 1402 1424 1466 satis
1453 1406 1502 1467 est

275 1507 360 1570 enim
383 1511 467 1571 oerte
491 1508 524 1571 in
549 1508 680 1584 virtute,
713 1513 751 1571 ut
781 1507 905 1572 fortiter
927 1508 1090 1582 vivamus;
1121 1507 1149 1572 si
1171 1507 1309 1585 fortiter,
1341 1509 1438 1572 etiam
1465 1512 1503 1572 ut

274 1632 390 1695 magno
407 1614 522 1692 animo,
545 1617 579 1679 et
601 1615 731 1696 quidem
753 1616 903 1679 utnulla
926 1634 959 1679 re
984 1633 1139 1696 nmquam
1163 1619 1342 1679 terreamur
1365 1633 1503 1698 semper·

275 1739 336 1801 que
360 1721 461 1784 simus
483 1722 602 1785 invicti.
650 1722 815 1803 Sequitur,
838 1724 876 1785 ut
898 1722 979 1785 nihil
1000 1723 1178 1805 paeniteat,
1200 1721 1288 1786 nihil
1304 1722 1401 1800 desit,
1424 1723 1504 1786 nihil

275 1828 396 1902 obstet;
426 1847 501 1909 ergo
529 1828 634 1892 omnia
662 1828 869 1911 profluenter,
899 1829 1059 1906 absolute,
1089 1848 1251 1913 prospere,
1280 1830 1379 1912 igitur
1402 1831 1502 1895 beate.

276 1933 362 1998 Satis
386 1938 495 1999 autem
518 1935 620 2000 virtus
644 1934 684 1999 ad
707 1935 832 2001 fortiter
854 1936 1026 2000 vivendum
1052 1939 1174 2019 potest;
1204 1937 1283 2001 satis
1306 1955 1380 2018 ergo
1405 1937 1503 2001 etiam

275 2040 316 2104 ad
339 2042 441 2105 beate.
485 2042 613 2106 Etenim
641 2046 679 2106 ut
708 2043 860 2120 stultitia,
890 2044 951 2107 etsi
975 2043 1091 2126 adepta
1114 2046 1177 2121 est,
1208 2044 1292 2125 quod
1316 2044 1545 2127 eoncupiwitsr

275 2166 454 2228 numquam
476 2167 510 2213 se
534 2151 643 2213 tamen
666 2151 745 2214 satis
769 2154 973 2215 oonseoutam
995 2152 1103 2233 putat,
1131 2151 1177 2214 sio
1199 2150 1356 2233 sapientia
1379 2169 1505 2233 semper

277 2272 312 2317 eo
336 2257 485 2318 eontenta
507 2258 565 2333 est,
590 2255 673 2337 quod
697 2257 797 2334 adest,
819 2275 923 2338 neque
947 2276 1019 2321 eum
1042 2276 1195 2339 umquem
1221 2258 1271 2322 sui
1294 2259 1444 2340 paenitet.

367 2360 551 2426 Similemne
574 2366 669 2452 putas
694 2362 728 2428 0.
751 2363 852 2428 Laelii
879 2383 981 2428 unum
1009 2365 1211 2429 oonsulatum
1240 2364 1338 2429 fuisse
1369 2366 1401 2428 et
1428 2383 1503 2430 eum
1516 2373 1559 2435 19

277 2468 405 2549 quidem
429 2489 503 2533 oum
526 2471 655 2552 repulsa
678 2471 727 2554 (si,
750 2490 823 2535 eum
843 2471 969 2554 sapiens
986 2474 1018 2536 et
1034 2472 1134 2536 bonus
1150 2473 1207 2548 wir,
1232 2473 1333 2553 qualis
1357 2473 1411 2537 ille
1434 2472 1504 2550 fuit,

277 2575 436 2659 suffragiis
458 2578 667 2660 praeteritur,
696 2597 760 2642 non
782 2578 919 2662 populus
943 2578 1082 2662 [abono
1105 2579 1248 2663 consule]
1277 2580 1382 2663 potius
1407 2599 1505 2663 quam

350 2819 391 2861 sn.
410 2806 498 2876 Atreo]
517 2805 738 2861 wahrseheinlioh
752 2823 799 2863 aus
814 2808 876 2861 dem
890 2810 1010 2876 „Atreus
1016 2810 1032 2838 “
1046 2809 1094 2862 des
1107 2809 1213 2863 Aesius.
1228 2840 1260 2849 -
1273 2815 1372 2879 ponent
1389 2812 1426 2880 ee]
1446 2810 1507 2878 „sie

277 2900 373 2967 mugen
391 2897 449 2951 sich
467 2898 630 2966 wappnen“.
649 2927 683 2935 —
702 2902 731 2950 at
811 2898 947 2967 volumus]
967 2897 1054 2966 „aber
1071 2898 1141 2952 uach
1159 2915 1273 2953 unserer
1290 2898 1461 2953 hunahme“.

350 3001 391 3043 sa.
410 3004 470 3055 erqo
484 3027 490 3039 .
502 3027 508 3039 .
520 3026 526 3039 .
538 2986 704 3055 profluenter
718 3027 724 3040 .
736 3027 742 3040 .
754 2988 771 3056 .]
790 3003 827 3041 se.
846 2992 926 3041 erum
945 2987 1022 3055 „ulso
1040 2988 1106 3041 wind
1125 2988 1154 3041 in
1174 2988 1254 3043 allem
1267 2978 1417 3056 slbertluls,
1433 2989 1506 3043 Voll-

277 3076 472 3145 hommenheit,
500 3075 668 3143 Wohlfahrt,
692 3076 789 3129 mithin
814 3076 1020 3146 Gliiolrseliglreit
1043 3077 1220 3132 herrsohen“.
1265 3078 1315 3132 Die
1342 3077 1508 3147 Ausmalung

277 3182 330 3220 von
355 3165 427 3219 beate
450 3165 534 3219 bietet
551 3165 605 3218 fast
622 3165 666 3219 die
684 3165 907 3219 vollstiimliehen
919 3167 1143 3236 Vorstellungen;
1161 3168 1229 3222 doeh
1248 3168 1313 3221 wind
1332 3183 1361 3221 es
1380 3166 1419 3221 als
1437 3169 1507 3221 Aus-

277 3254 344 3309 flm's
362 3256 411 3309 der
428 3254 619 3323 Teiltugenden
637 3254 776 3323 (sonando
793 3272 820 3309 u.
840 3256 874 3324 a)
892 3256 1052 3324 dargestellt

352 3357 393 3398 tr.
413 3344 535 3413 Etenim]
555 3344 632 3413 „und
650 3344 735 3411 daun,
760 3345 816 3398 und
833 3344 904 3398 noch
923 3344 1019 3399 eines“
1043 3347 1106 3416 (den
1124 3346 1228 3400 Beweis
1247 3345 1346 3400 mittels
1369 3347 1418 3400 der
1441 3352 1507 3400 tem-

275 3432 431 3502 perandis),
456 3432 573 3487 niimlieh
598 3432 682 3486 dureh
706 3432 749 3487 die
768 3432 1038 3504 Selbstbeseheidung
1056 3435 1146 3489 maoht
1163 3436 1206 3488 die
1224 3436 1332 3504 lugend
1350 3437 1398 3490 dus
1415 3436 1507 3491 Leben

279 3539 314 3575 zu
332 3523 420 3575 einem
438 3521 628 3592 gliiekseligen.

280 3680 570 3730 eesohlohtlioho
587 3680 767 3738 sernum·
784 3682 829 3729 ihr
847 3682 890 3730 dle
913 3681 1027 3731 stoisohe
1045 3682 1355 3745 ulnoksshgkeitrlehrs,
1381 3678 1439 3731 dass
1457 3695 1511 3731 nur

279 3764 327 3818 auf
344 3764 406 3817 dem
425 3763 564 3833 eigensten
582 3764 690 3833 Vorzng
707 3765 754 3818 des
772 3764 932 3832 Mensohen,
951 3766 998 3818 auf
1016 3766 1065 3818 der
1082 3765 1242 3834 Betdtigung
1260 3766 1308 3819 der
1325 3766 1433 3834 lugend
1452 3767 1508 3833 (ob-

487 3854 577 3908 solute
594 3855 686 3924 ratio),
705 3855 752 3909 dss
769 3854 860 3908 wahre
879 3854 964 3908 Gliielr
983 3855 1092 3908 bernhe.
1131 3856 1157 3924 (ᾗ
1175 3856 1301 3924 55-68.)

351 3951 430 4022 11⁸1».
451 3952 501 4007 19.
537 3951 588 4006 Die
612 3952 696 4006 sehon
721 3953 749 4005 in
767 3952 834 4022 Kap.
854 3955 889 4008 18
914 3953 1124 4022 naheliegenden
1142 3952 1332 4022 Beziehungen
1351 3954 1398 4007 suf
1416 3953 1510 4008 Chsars

280 4040 422 4109 Regiment
439 4041 547 4095 werden
564 4041 650 4096 duroh
667 4042 710 4096 die
728 4041 873 4111 folgenden
887 4042 1199 4111 zusammenstellungen
1216 4042 1285 4095 noch
1304 4041 1459 4097 deullioher.
1476 4075 1509 4083 -

282 4129 443 4184 Similemne
452 4132 547 4201 putris]
561 4130 627 4185 wind
641 4131 712 4185 nach
725 4133 774 4185 der
784 4132 947 4186 Parenthese
956 4133 1005 4185 mit
1018 4133 1065 4185 sod
1077 4138 1168 4185 tamen
1181 4137 1275 4185 utrum
1288 4132 1458 4200 fortgefiihrt.
1475 4165 1509 4172 —

280 4218 383 4288 Laelii]
403 4219 431 4276 O.
446 4220 553 4274 laelius
567 4220 685 4290 Sapiens,
700 4221 770 4275 naoh
783 4222 845 4274 dem
860 4221 953 4276 Cicero
972 4222 1045 4275 seine
1059 4220 1161 4275 Sehrift
1174 4220 1243 4274 iiber
1256 4220 1299 4286 die
1313 4220 1510 4276 Freundsehaft

281 4308 384 4363 betitelt
400 4309 455 4377 hat,
474 4310 523 4363 der
539 4310 683 4364 Vertraute
702 4311 749 4364 des
766 4311 898 4379 jiingeren
918 4310 1018 4379 Scipio,
1037 4310 1143 4364 bewarb
1161 4309 1219 4363 sieh
1237 4310 1274 4362 im
1292 4309 1373 4364 Jahre
1393 4313 1445 4366 120
1462 4328 1510 4364 um

281 4398 328 4451 dns
346 4398 483 4467 Konsulat,
502 4398 551 4453 fiel
569 4399 634 4454 aber
652 4403 746 4469 (gegen
766 4400 797 4467 Q.
816 4400 961 4468 Pompeius
979 4400 1080 4468 Nepos)
1099 4399 1198 4466 dureh3
1223 4398 1260 4452 im
1278 4399 1408 4454 n'dehsten
1426 4400 1509 4455 Jahre

281 4504 337 4541 war
360 4503 391 4541 er
414 4488 463 4541 mit
487 4487 518 4555 Q.
538 4489 668 4544 Servilius
687 4488 784 4558 Caepio
802 4489 913 4543 Konsul.
940 4520 974 4528 —
999 4490 1118 4559 repotia]
1146 4489 1255 4557 „Virtus
1279 4488 1400 4558 repulsae
1419 4489 1510 4543 neseis

281 4575 400 4632 sordidae
416 4579 421 4648 Ι
435 4576 605 4633 lntuminatis
623 4577 709 4647 fulget
726 4577 879 4646 honoribus,
895 4580 901 4649 ι
917 4577 974 4632 Neo
992 4577 1078 4631 sumit
1093 4580 1144 4631 aut
1155 4578 1240 4646 ponit
1253 4578 1399 4639 astures&
1407 4575 1532 4623 hrum
