3642 5225
723 534 932 590 tusculanarum
950 534 1156 604 disputationum

437 804 555 884 Quem
578 805 713 870 contra
735 805 869 882 amari,
893 823 1003 887 quem
1027 803 1169 887 expeti,
1194 823 1306 888 quem
1329 805 1558 870 arcdssicr‘t

284 938 354 1012 090
378 939 575 1022 praeclaram
598 939 845 1004 emendatricem
868 939 953 1003 vitae
975 939 1148 1022 poeticam!
1174 957 1255 1021 quae
1279 958 1420 1004 amorem
1442 938 1557 1021 flagitii

327 1047 360 1109 et
382 1046 522 1110 levitatis
547 1047 709 1111 auctorem
731 1047 764 1109 in
792 1046 923 1111 concilio
947 1045 1078 1110 deorum
1108 1046 1337 1111 conlocandum
1359 1048 1461 1129 putet.
1507 1045 1557 1110 De

327 1153 489 1217 comoedia
503 1153 624 1234 loquor,
650 1172 740 1235 quae,
763 1154 790 1217 si
805 1154 884 1218 haec
899 1151 1021 1235 flagitia
1043 1171 1106 1217 non
1122 1154 1337 1236 probaremus,
1359 1153 1450 1217 nulla
1471 1155 1558 1218 esset

326 1259 470 1334 omnino;
496 1259 573 1341 quid
596 1260 642 1324 ait
665 1278 703 1324 ex
725 1259 889 1341 tragoedia
909 1261 1056 1344 princeps
1079 1260 1133 1324 ille
1156 1262 1438 1342 Argonautarum?

437 1384 492 1448 Tri
525 1404 583 1450 me
619 1385 771 1450 amoris
805 1385 936 1468 magis
972 1403 1089 1467 quam
1124 1386 1292 1450 honoris
1327 1385 1556 1451 servavisti

1127 1490 1274 1574 gratia.

326 1614 410 1694 Quid
442 1620 539 1698 ergo?
573 1617 626 1682 hic
656 1635 745 1681 amor
772 1616 904 1682 Medeae
936 1619 1057 1700 quanta
1090 1617 1293 1682 miseriarum
1327 1617 1476 1681 excitavit
1506 1617 1555 1679 in-

326 1723 453 1788 cendia!
499 1725 605 1806 Atque
634 1743 671 1788 ea
698 1726 808 1788 tamen
836 1723 921 1807 apud
944 1724 1044 1789 alium
1066 1726 1194 1807 poetam
1216 1723 1301 1807 patri
1324 1723 1427 1788 dicere
1458 1723 1556 1788 audet

326 1849 360 1894 se
384 1830 642 1912 „coniugem“
666 1831 815 1895 habuisse

436 1916 577 2024 illum,
606 1948 724 2010 Amor
752 1965 868 2028 quem
895 1946 1079 2024 dederat,
1109 1947 1177 2029 qui
1204 1947 1297 2029 plus
1323 1946 1460 2030 pollet
1486 1966 1555 2029 po·

1127 2054 1291 2135 tiorque
1315 2052 1378 2117 est
1400 2055 1528 2136 patre.

273 2181 316 2242 33
416 2176 478 2242 Sed
506 2179 617 2260 poetas
645 2177 755 2243 ludere
783 2178 941 2256 sinamus,
972 2197 1108 2261 quorum
1136 2178 1252 2242 fabulis
1281 2179 1315 2242 in
1344 2178 1404 2243 hoc
1431 2176 1554 2259 flagitio

284 2267 446 2349 ⁷⁰rersari
467 2285 573 2367 ipsum
596 2283 739 2349 videmus
758 2284 876 2349 Iovem.
914 2285 964 2350 Ad
987 2286 1157 2367 magistros
1180 2285 1318 2362 rimatis,
1340 2285 1555 2368 philosophos,

325 2391 505 2468 veniamus,
535 2391 591 2472 qui
613 2409 754 2455 amorem
782 2394 902 2474 negant
929 2392 1033 2476 stupri
1055 2410 1125 2456 esse
1153 2393 1186 2456 et
1208 2392 1241 2455 in
1269 2409 1305 2456 eo
1328 2391 1457 2473 litigant
1479 2410 1555 2456 cum

324 2497 461 2580 Epicuro
488 2517 551 2563 nou
578 2498 734 2576 multum,
763 2503 801 2562 ut
827 2500 932 2583 opinio
959 2518 1032 2564 mea
1054 2499 1131 2576 fert,
1162 2499 1345 2563 mentient.
1391 2496 1470 2577 Quis
1503 2501 1555 2562 est

325 2604 410 2669 enim
444 2605 504 2670 iste
540 2625 628 2670 amor
662 2606 844 2672 amicitiae?
879 2627 935 2672 cur
969 2626 1072 2689 neque
1105 2605 1280 2672 deformem
1315 2604 1555 2671 adulescentem

326 2712 495 2793 quisquam
526 2715 614 2776 amat
641 2732 744 2795 neque
773 2713 949 2778 formosum
977 2716 1107 2778 senem?
1152 2713 1233 2777 Mihi
1256 2713 1385 2794 quidem
1411 2714 1492 2778 haec
1518 2714 1555 2777 in

325 2817 518 2882 Graecorum
542 2820 715 2901 gymnasiis
743 2822 820 2883 nata
847 2820 1044 2885 consuetudo
1067 2820 1208 2897 ridetur,
1237 2820 1409 2901 inquibus
1437 2820 1492 2884 isti
1514 2820 1556 2883 li-

324 2924 391 3017 heri
414 2927 447 2989 et
470 2926 610 2989 concessi
634 2928 711 2990 sunt
733 2945 866 2991 amores.
910 2926 998 2991 Bene
1022 2946 1097 3009 ergo
1119 2927 1261 2994 Ennius:

435 3048 593 3132 elegiti
615 3051 864 3135 principium
887 3054 950 3117 est
971 3050 1114 3115 nudare
1138 3050 1241 3115 iuter
1264 3052 1359 3117 civis
1382 3052 1555 3136 cdrpora.

323 3262 732 3330 („l'1·iihstiielrsschwestern“),
757 3262 800 3316 die
820 3262 952 3318 Caecilius
975 3262 1145 3317 bearbeitete.
1172 3292 1205 3302 -
1231 3268 1325 3317 contra
1348 3262 1456 3332 amari]
1482 3263 1559 3333 zeigt

322 3351 365 3405 die
383 3350 600 3419 vorausgehcnde
618 3351 709 3405 Liiclre
727 3369 769 3406 an.
796 3384 830 3392 -
855 3353 997 3421 arcesae'cr]
1017 3354 1062 3420 (=
1080 3352 1195 3419 arcessi,
1220 3352 1427 3420 6666661666
1442 3352 1556 3422 paellae,-

321 3438 387 3512 Hor.
407 3454 486 3492 serm.
504 3440 541 3506 H,
560 3441 586 3506 3,
606 3442 673 3495 262:
692 3457 758 3508 „me
777 3442 855 3495 vocat
871 3441 973 3495 ultro“.

396 3540 436 3582 ea.
460 3527 667 3581 mamotriccm
688 3530 759 3582 citae
779 3530 925 3599 poeticum]
945 3532 1023 3598 „hut
1044 3529 1214 3600 prodesse
1232 3530 1326 3585 volunt
1347 3532 1394 3584 aut
1417 3529 1557 3608 delectare

321 3617 446 3685 poetae“,
469 3617 535 3670 Hor.
555 3633 596 3685 ep.
615 3617 658 3685 H,
681 3620 713 3686 3,
736 3620 797 3673 333.
834 3618 915 3672 Sonst
932 3618 968 3672 ist
984 3617 1053 3673 nach
1073 3618 1166 3674 Cicero
1184 3619 1227 3673 die
1244 3618 1364 3673 historeo
1381 3619 1557 3689 6116661616-

320 3704 419 3775 sophc’u
436 3705 478 3759 die
496 3706 633 3774 magistra
649 3707 727 3760 cetae
753 3738 787 3747 -
811 3708 892 3762 66116
908 3710 984 3777 acad]
1009 3707 1059 3762 Die
1078 3707 1131 3763 alte
1149 3708 1276 3763 Kemddie
1294 3708 1368 3763 hatte
1386 3708 1466 3762 meist
1484 3708 1557 3777 poli·

321 3795 407 3850 116616
425 3794 526 3862 316116,
545 3794 589 3849 (116
607 3812 677 3850 neue
695 3795 771 3850 nieht
788 3796 872 3851 mehr.
899 3830 933 3838 -
957 3815 989 3852 eu
1007 3798 1155 3867 tragoedra]
1174 3798 1225 3851 Die
1243 3796 1384 3866 Allgewalt
1402 3798 1451 3852 der
1467 3797 1558 3854 Liebe

321 3884 426 3954 besingt
455 3885 503 3939 der
517 3873 602 3939 ’Cher
627 3885 656 3938 in
683 3885 762 3954 Soph.
789 3886 878 3955 Antig.
907 3887 993 3954 (tela
1016 3883 1101 3961 Ἔρως
1129 3891 1239 3943 ἀνίκατε
1265 3892 1363 3962 μάχαν
1389 3891 1444 3942 κτλ.
1489 3888 1557 3957 Vgl.

321 3974 374 4027 den
392 3974 500 4043 Aniung
518 3989 569 4028 von
587 3974 765 4029 Schillers
783 3976 908 4045 Hymnus
928 3977 993 4044 „An
1016 3976 1060 4030 die
1078 3975 1211 4030 Freude“.
1239 4006 1273 4015 -
1300 3975 1338 4030 Tu
1361 3976 1414 4044 me]
1434 3992 1483 4030 aus
1502 3976 1558 4032 der

321 4063 460 4134 „Medea“
478 4065 526 4118 des
544 4064 654 4132 llnniua,
673 4080 721 4118 aus
739 4065 788 4118 der
805 4066 846 4118 oft
863 4064 952 4119 nitiert
969 4065 1042 4119 wird.
1077 4065 1133 4119 Der
1151 4065 1249 4119 andere
1267 4063 1380 4119 Dichter
1396 4064 1432 4118 ist
1449 4066 1558 4121 Accius

320 4152 487 4220 („Medea“).
507 4184 541 4193 -
555 4154 648 4223 pollet]
668 4179 700 4197 =
716 4159 809 4223 potest,
828 4154 903 4208 66161.

392 4295 469 4363 Kap.
485 4296 538 4352 33.
573 4309 613 4351 re.
632 4313 749 4365 pacorum
765 4296 879 4366 sabaim]
895 4296 987 4364 „nach
999 4296 1082 4349 deren
1095 4295 1325 4364 Erdichtungen“,
1344 4294 1420 4348 nicht
1432 4299 1557 4351 666661-

319 4381 374 4434 lich
391 4383 566 4438 verschieden
584 4400 637 4439 von
654 4384 688 4438 aia
704 4384 815 4453 sabaim,
834 4385 881 4439 das
899 4401 993 4454 wagan
1007 4385 1054 4439 des
1067 4384 1210 4453 folgenden
1227 4383 1261 4437 ais
1278 4384 1327 4438 hoc
1340 4384 1498 4439 vermieden
1518 4403 1559 4441 zu

320 4470 378 4523 sein
392 4470 503 4525 scheint.
518 4504 553 4513 --
566 4474 659 4543 stupri
671 4475 735 4543 esee]
746 4474 852 4542 „Sache
865 4474 914 4529 des
927 4472 1170 4543 gesohleehtlichen
1179 4474 1315 4543 Umgangs
1328 4473 1398 4527 66111.
1413 4504 1446 4511 —
1462 4474 1497 4527 ia
1510 4477 1558 4546 eo]

320 4557 370 4625 „in
383 4558 484 4613 diesem
498 4561 633 4617 Punkte“.
647 4594 682 4603 —
700 4580 757 4617 non
774 4564 892 4617 multum
909 4564 1063 4632 mentem]
1083 4562 1154 4631 „der
1166 4562 1241 4617 nieht
1253 4562 1317 4617 weit
1329 4560 1535 4618 fehlschielst“.
