3642 5225
329 505 381 565 183
724 508 933 563 Tusculanarum
951 509 1158 578 disputationum

330 670 489 755 quidem
511 670 756 754 paululum“‚
779 671 892 753 inquit,
916 690 959 750 „a
982 672 1092 737 sole.“
1128 671 1287 738 Offecerat
1306 672 1460 739 videlicet
1484 674 1575 757 apri·

329 778 424 843 canti.
468 777 512 842 Et
533 777 586 842 hic
609 777 738 860 quidem
761 777 924 861 disputare
948 780 1083 857 solebat,
1112 782 1231 861 quanto
1254 799 1362 862 regem
1386 779 1572 845 Persarum

328 885 396 951 vita
418 884 609 967 fortunaque
633 886 818 968 superaret;
849 885 910 950 sibi
936 886 1017 949 nihil
1045 886 1168 964 deesse,
1197 886 1245 951 illi
1271 887 1351 950 nihil
1381 887 1468 951 satis
1496 907 1575 950 um·

331 1011 426 1075 quam
456 991 538 1066 iore;
569 1010 603 1056 se
633 991 701 1056 eius
728 992 908 1076 voluptates
932 1011 995 1056 non
1019 992 1211 1071 desiderare,
1242 993 1356 1075 quibus
1380 1013 1575 1076 numquam

330 1098 441 1164 satiari
463 1099 518 1163 ille
541 1101 659 1183 posset,
683 1117 758 1163 suas
782 1118 855 1164 eum
878 1100 1031 1181 consequi
1053 1100 1258 1164 nullomodo
1281 1119 1383 1183 posse.

277 1196 319 1259 33
419 1205 533 1284 Vides,
560 1206 666 1284 oredo,
694 1208 732 1270 ut
753 1206 911 1289 Epicurus
935 1207 1146 1290 cupiditatum
1170 1226 1287 1289 genera
1310 1207 1472 1285 diviserit,
1504 1226 1572 1272 non

288 1284 425 1378 ”nimis
448 1313 583 1378 fortasse
607 1313 779 1392 subtiliter,
806 1314 929 1379 utiliter
952 1316 1075 1392 tamen,
1105 1315 1222 1398 partim
1246 1333 1315 1379 csse
1337 1314 1513 1378 naturales
1539 1317 1576 1378 et

330 1421 535 1497 necessarias,
558 1421 676 1504 partim
691 1422 854 1486 naturales
879 1423 912 1486 ct
934 1439 998 1485 non
1020 1422 1226 1499 necessarias,
1249 1421 1367 1504 partim
1389 1424 1574 1496 neutrum

330 1528 526 1594 necessarias
551 1527 662 1592 satiari
685 1547 777 1611 posse
799 1547 900 1611 paene
923 1528 1039 1603 nihil0;
1072 1528 1200 1592 divitias
1224 1529 1308 1630 enim
1331 1530 1471 1592 naturae
1497 1547 1575 1592 esse

331 1636 505 1720 parabiles;
535 1635 712 1701 seeundum
735 1637 845 1700 autem
868 1654 970 1718 genus
993 1636 1206 1719 cupiditatum
1228 1655 1287 1700 neo
1311 1635 1350 1699 ad
1373 1635 1572 1717 potiendum

332 1742 459 1808 difficile
489 1761 559 1808 esse
588 1745 696 1807 censet
722 1761 781 1806 neo
803 1761 877 1807 vero
901 1742 941 1806 ad
965 1743 1155 1818 carendum
1185 1742 1313 1820 tertias,
1343 1741 1430 1824 quod
1455 1744 1576 1806 essent

331 1851 426 1934 plane
452 1850 565 1914 inanes
593 1868 696 1931 neque
723 1849 949 1914 necessitatem
971 1850 1078 1927 modo,
1107 1848 1162 1914 sed
1189 1868 1229 1914 ne
1256 1851 1407 1913 naturam
1434 1849 1572 1930 quidem

290 1986 320 2029 ⁹4
333 1957 536 2040 attingerent,
559 1955 705 2021 funditus
728 1956 885 2022 eiciendas
908 1957 1044 2040 putavit.
1082 1957 1151 2021 Hoc
1173 1957 1241 2021 loeo
1264 1956 1368 2021 multa
1391 1955 1574 2039 9111191911-

332 2065 395 2130 reis
419 2064 627 2148 disputantur
654 2082 772 2146 eaeque
800 2063 982 2147 voluptates
1010 2063 1198 2146 singillatim
1222 2063 1455 2137 extenuantur3
1488 2080 1576 2144 qua·

332 2192 406 2236 rum
433 2191 550 2255 genera
577 2191 641 2236 non
669 2173 892 2248 contemnunt,
924 2174 1084 2254 quaerunt
1107 2174 1216 2235 tamen
1240 2170 1371 2253 copiam.
1417 2168 1509 2233 Nam
1539 2172 1578 2234 et

334 2280 484 2345 obscenas
508 2280 704 2362 voluptates,
734 2278 773 2343 de
798 2279 913 2361 quibus
936 2279 1042 2343 multa
1064 2280 1104 2343 ab
1126 2279 1190 2342 illis
1213 2278 1350 2342 habetur
1372 2277 1491 2354 oratio,
1525 2276 1577 2341 fa·

334 2387 418 2464 ciles,
441 2405 635 2463 communes,
657 2386 691 2449 in
713 2385 817 2450 medio
841 2386 920 2450 sitas
944 2405 1013 2451 esse
1038 2386 1160 2464 dicunt,
1185 2403 1302 2466 easque
1327 2384 1354 2448 si
1375 2386 1499 2448 natura
1524 2403 1575 2448 re-

335 2494 455 2575 quirat,
477 2513 541 2557 non
564 2511 678 2574 genere
702 2494 759 2557 ant
780 2494 849 2558 loco
873 2495 931 2557 aut
954 2493 1076 2571 ordine,
1100 2493 1155 2558 sed
1178 2492 1293 2569 forma,
1319 2493 1439 2566 aetate,
1463 2491 1579 2572 figura

334 2600 512 2666 metiendas
527 2603 654 2684 putant,
677 2601 717 2666 ab
739 2601 841 2683 iisque
865 2601 1025 2666 abstinere
1048 2600 1179 2666 minime
1203 2619 1273 2666 esse
1297 2599 1433 2676 difficile,
1458 2599 1487 2663 si
1513 2603 1579 2664 aut
1601 2618 1604 2627 ’

335 2708 484 2772 valetudo
514 2711 572 2772 aut
601 2708 741 2773 officinm
771 2711 829 2772 aut
855 2708 943 2773 tama
968 2710 1125 2791 postulet,
1154 2709 1344 2789 omninoque
1374 2725 1478 2788 genus
1510 2708 1577 2771 hoc

294 2840 325 2882 91
335 2815 538 2897 voluptatum
553 2815 691 2898 optabile
708 2834 787 2893 esse,
810 2816 838 2879 si
856 2817 1028 2893 nonabsit,
1050 2816 1199 2899 prodesse
1214 2833 1400 2896 numquam.
1436 2814 1580 2878 Totum·

337 2942 398 3005 que
421 2922 481 2986 hoc
504 2922 542 2985 de
566 2924 729 3006 voluptate
754 2923 800 2987 sic
821 2923 875 2987 ille
898 2924 1068 3007 praecipit,
1098 2925 1136 2987 ut
1158 2923 1359 3005 voluptatem
1382 2922 1488 3004 ipsam
1514 2939 1576 3004 per
1613 2933 1616 2938 ·

336 3048 380 3106 99,
404 3031 479 3111 quia
494 3031 640 3113 voluptas
657 3031 707 3108 sit,
726 3049 851 3114 semper
867 3030 1040 3113 optandam
1056 3034 1085 3093 et
1100 3030 1308 3113 expetendam
1323 3030 1424 3112 putet,
1441 3026 1580 3093 eadem·

338 3155 398 3218 que
427 3138 549 3202 ratione
578 3137 718 3202 dolorem
747 3139 786 3202 ob
815 3137 849 3201 id
877 3138 1000 3221 ipsum,
1030 3138 1105 3219 quia
1134 3137 1222 3200 dolor
1252 3136 1309 3212 sit,
1339 3152 1466 3217 semper
1498 3154 1576 3200 esse

336 3242 539 3325 fugiendum
570 3245 679 3326 itaque
709 3245 769 3309 hae
797 3264 933 3309 usurum
963 3245 1218 3328 compensatione
1246 3244 1438 3326 sapientem,
1470 3244 1511 3305 ut
1543 3245 1580 3307 et

338 3439 406 3506 dart,
420 3438 497 3492 weiss
510 3438 553 3492 ich
568 3437 637 3491 noch
651 3437 732 3491 nicht.
748 3469 781 3477 —
796 3438 956 3507 paulutum]
975 3436 1092 3491 niimlich
1105 3436 1208 3501 reccdc;
1228 3437 1302 3489 sonst
1315 3434 1407 3489 tehlen
1420 3434 1465 3489 die
1478 3434 1580 3490 Verba

338 3528 387 3581 der
405 3527 558 3597 Bewegimg
576 3529 659 3582 litters
677 3527 721 3581 bei
739 3528 791 3581 den
811 3526 1025 3582 Ortsadverbien.

410 3653 487 3722 Kap.
507 3653 561 3711 33.
601 3667 641 3709 aa.
660 3670 717 3707 acu
781 3653 927 3722 uebtittter]
946 3669 1069 3717 9999999,
1087 3650 1226 3706 subtilitas
1240 3655 1299 3705 ua
1315 3649 1381 3703 wird
1395 3649 1457 3702 dem
1470 3649 1582 3717 Idpilrur

338 3742 462 3797 vundan
481 3742 605 3811 Gegnern
623 3742 764 3796 mehrfach
782 3741 988 3811 abgesprochen.
1007 3773 1041 3781 —
1060 3741 1197 3795 subtiliter
1276 3738 1391 3807 utiliter]
1409 3739 1458 3791 das
1477 3738 1580 3793 Wort·

339 3831 406 3900 spiel
423 3832 472 3886 der
489 3831 684 3886 Parouomasie.
705 3863 737 3871 -
763 3832 864 3902 9111119]
884 3832 952 3899 „fiir
969 3831 1065 3899 nichts,
1085 3848 1130 3884 um
1148 3829 1266 3884 nichts“.
1287 3860 1322 3869 -
1344 3827 1382 3881 ad
1395 3827 1580 3899 petundum]

341 3937 396 3988 „zu
415 3920 571 3989 erlangen“.

414 4024 454 4065 91.
472 4011 662 4080 cutcuucutur]
682 4009 744 4078 „als
757 4009 865 4064 wertlos
878 4009 1063 4079 hingestellt“,
1077 4007 1256 4077 vgl.zu§51.
1270 4038 1305 4046 -
1323 4006 1442 4076 coprem]
1463 4005 1582 4074 „leich-

340 4102 386 4152 ten
401 4100 515 4169 Zugang,
534 4099 937 4169 Beschaitungsmiigliohlreit“;
956 4099 1007 4153 wie
1021 4099 1078 4153 dies
1091 4098 1180 4153 Horaa
1194 4098 1247 4151 deu
1260 4096 1407 4165 Epilrureer
1420 4094 1584 4167 Philodem,

340 4189 394 4243 den
407 4188 595 4257 Zeitgenosseu
610 4189 725 4258 Ciceros,
739 4188 865 4257 darlegeu
878 4188 948 4243 liisst.
963 4220 997 4228 —
1016 4194 1040 4242 et
1058 4188 1193 4257 91999999]
1213 4186 1256 4240 die
1268 4185 1378 4254 Teilung
1392 4189 1426 4252 (et
1494 4190 1534 4255 et)
1551 4188 1583 4241 in

341 4278 558 4333 andererWeise
568 4281 626 4348 §97
637 4279 777 4347 ό4199191119
787 4279 950 4347 icitgesetzt.
962 4308 995 4317 —
1005 4278 1117 4331 tutetur
1125 4276 1223 4346 oratio]
1234 4273 1421 4345 „gesprochen
1429 4273 1535 4329 wird“.
1550 4308 1587 4319 —

340 4368 448 4437 facilus]
468 4368 573 4437 „leicht
590 4386 623 4422 zu
642 4367 799 4437 erlangen“.
819 4399 853 4407 -
870 4368 974 4436 genere]
994 4366 1157 4436 „Familie“.
1177 4397 1211 4405 -
1230 4364 1335 4434 ordina]
1356 4362 1496 4431 „Stand“.

420 4469 460 4511 ao.
486 4458 712 4527 compensaturus]
737 4456 788 4526 vgl.
808 4457 851 4511 die
874 4457 1064 4526 Darlegimgen
1086 4456 1132 4509 des
1154 4455 1301 4524 Torquatus
1323 4452 1422 4507 defin.
1442 4452 1466 4519 Ι,
1486 4456 1590 4512 stra:

343 4587 359 4620 ‚,
365 4545 450 4600 Iidem
465 4546 584 4600 dolorem
598 4562 678 4615 saepe
692 4547 887 4615 perpetiuntur,
906 4563 950 4615 ne,
969 4546 991 4600 si
1005 4546 1032 4600 id
1046 4562 1100 4599 nou
1114 4544 1222 4613 iaciant,
1241 4544 1360 4597 incidant
1372 4542 1402 4594 in
1415 4541 1555 4598 maiorem
1561 4549 1591 4601 “.
