3642 5225
745 537 801 590 Lib.
820 537 853 603 V,
873 553 896 590 e.
916 539 1029 592 16-17.
1452 533 1503 595 163

275 698 558 782 disputationibus,
589 717 630 762 an
658 698 876 762 delectationis
900 700 933 762 et
961 698 1017 763 otii
1044 698 1250 763 consumendi
1278 717 1376 763 causa
1403 698 1502 762 locuti

275 825 386 869 sumus
411 806 587 888 sapientem
603 805 642 868 ab
658 805 744 868 omui
759 804 969 876 concitatione
986 805 1092 880 animi,
1117 824 1214 887 quam
1229 806 1502 889 perturbationem

273 931 364 989 voco,
395 931 520 995 semper
547 930 674 989 vacare,
704 930 829 994 semper
859 913 893 974 in
923 912 1026 976 auimo
1056 912 1123 976 eius
1152 931 1220 976 esse
1250 912 1500 996 placidissimam

273 1022 408 1102 pacem?
442 1018 502 1083 Vir
524 1019 623 1100 igitur
645 1021 853 1101 temperatus,
876 1022 1035 1095 constans,
1059 1019 1126 1082 sine
1149 1022 1248 1096 metu,
1271 1020 1338 1084 sine
1362 1019 1502 1101 aegritu·

275 1126 362 1203 dine,
391 1127 458 1190 sine
482 1126 646 1190 alacritate
670 1127 750 1203 ulla,
779 1127 847 1189 sine
870 1125 999 1190 libidine
1022 1145 1125 1190 nonne
1149 1126 1287 1190 beatus?
1319 1129 1353 1190 at
1376 1145 1502 1208 semper

275 1234 401 1317 sapiens
423 1233 514 1308 talis3
538 1252 664 1316 semper
678 1233 777 1316 igitur
791 1234 913 1298 beatus.
951 1233 1022 1297 Iam
1037 1252 1110 1297 vero
1128 1233 1183 1315 qui
1201 1235 1307 1316 potest
1329 1233 1377 1297 vir
1399 1234 1500 1298 bonus

274 1359 338 1405 non
362 1339 400 1403 ad
424 1340 469 1418 id,
494 1339 577 1422 quod
600 1339 758 1405 laudabile
783 1341 837 1417 sit,
868 1339 975 1404 omnia
997 1339 1129 1417 referre,
1160 1357 1241 1420 quae
1265 1340 1331 1421 agit
1355 1357 1500 1420 quaeque

275 1448 397 1511 sentit?
424 1447 522 1512 refert
546 1449 654 1512 autern
677 1448 783 1512 omnia
807 1447 847 1510 ad
870 1448 962 1512 beate
987 1446 1175 1521 vivendum3
1199 1448 1293 1511 beata
1316 1445 1414 1527 igitur
1436 1446 1502 1509 vita

274 1554 460 1628 laudabilis3
484 1573 543 1618 nec
566 1555 738 1636 quicquam
761 1555 828 1618 sine
853 1555 971 1618 virtute
994 1554 1172 1628 laudabile;
1197 1554 1291 1617 beata
1314 1553 1414 1634 igitur
1437 1553 1503 1616 rita

275 1663 394 1726 virtute
418 1661 591 1726 conficitur.

364 1771 470 1849 Atque
500 1769 560 1832 hoc
589 1768 634 1831 sic
662 1767 759 1831 etiam
782 1768 998 1832 concluditur:
1028 1767 1096 1831 Nec
1123 1768 1156 1830 in
1184 1768 1301 1831 misera
1324 1768 1391 1831 vita
1416 1752 1555 1882 quic-h,⁷

278 1893 375 1956 quam
400 1876 449 1939 est
470 1875 679 1958 praedicabile
699 1877 756 1937 aut
771 1873 971 1956 gloriandum
993 1893 1052 1938 nec
1074 1875 1107 1937 in
1131 1893 1177 1951 ea,
1201 1893 1281 1956 quae
1303 1892 1363 1939 nec
1385 1875 1503 1939 misera

277 1982 321 2044 sit
342 2001 402 2046 uec
423 1983 527 2046 beata.
560 1982 603 2045 Et
625 1983 675 2046 est
697 1982 731 2045 in
754 1981 861 2064 aliqua
876 1982 943 2046 rita
957 1981 1167 2064 praedicabile
1184 1982 1302 2064 aliquid
1319 1987 1352 2047 et
1367 1984 1503 2065 glorian-

277 2089 356 2152 dum
379 2107 416 2153 ac
437 2107 513 2172 prae
537 2107 570 2153 se
593 2088 768 2166 ferendum,
790 2091 827 2152 ut
849 2088 1104 2172 Epaminondas:

390 2213 588 2278 Consiliis
611 2214 767 2279 uostris
792 2216 882 2279 laus
906 2216 970 2278 est
993 2214 1159 2278 attonsa
1182 2213 1400 2293 Laconum,

277 2350 316 2410 ut
337 2346 522 2411 Africanus:

387 2464 523 2528 Asole
547 2464 755 2529 exoriente
780 2482 904 2547 supra
926 2464 1101 2528 Maeotis
1124 2464 1295 2546 paludes

389 2570 512 2636 Nemo
536 2571 614 2648 est,
639 2571 707 2653 qui
730 2570 856 2636 factis
880 2571 1148 2654 aequiperare
1173 2574 1304 2653 queat.

350 2830 392 2875 (8.
416 2822 543 2872 constans
633 2818 694 2871 sina
715 2818 811 2887 mnus]
838 2818 898 2871 Den
926 2817 992 2871 zwei
1020 2819 1316 2873 zusammenfassenden
1343 2820 1502 2887 Adielrtiven

276 2910 380 2976 (temp,
407 2910 544 2975 constans)
566 2906 655 2975 tolgan
674 2906 717 2961 die
735 2907 794 2961 vien
811 2906 1150 2976 Prdpositionalausdriielre
1173 2907 1223 2960 mit
1249 2908 1309 2961 sine
1334 2911 1432 2963 anstatt
1456 2911 1503 2963 der

276 2996 421 3050 lehlenden
445 2996 585 3065 AdJ'elrtive
609 2997 655 3049 fiir
678 2996 721 3051 die
749 2996 807 3050 vier
830 2996 1038 3064 Grundafielrte3
1064 2996 1117 3066 vgl.
1143 2996 1218 3052 Ouid.
1244 2997 1307 3051 Met.
1327 2998 1356 3065 Ι,
1383 3001 1504 3055 19-20:

277 3086 456 3155 „Pugnabant
471 3087 475 3154 Ι
490 3085 583 3140 Mollia
600 3102 662 3139 cum
680 3085 766 3152 duris,
785 3086 842 3139 sine
860 3086 978 3154 pondere
997 3086 1056 3154 (mit
1073 3087 1135 3140 dem
1154 3085 1360 3154 Gewichtlcsen)
1379 3086 1504 3142 habentia

276 3176 406 3244 pondus.“
432 3207 466 3214 -
491 3176 552 3228 1999
575 3176 645 3244 vero]
670 3175 813 3242 „ferner“.
840 3206 874 3213 -
899 3174 950 3243 qui
969 3176 1064 3244 potest]
1085 3199 1116 3221 =
1136 3175 1266 3244 quamdo
1281 3193 1309 3244 p.
1330 3207 1364 3215 —
1387 3176 1419 3229 r'd
1436 3178 1507 3246 quod

276 3263 413 3317 1999191119
431 3264 477 3333 sit]
496 3264 534 3317 sit
551 3264 598 3316 fiir
614 3269 652 3317 est
670 3263 739 3318 wohl
758 3262 794 3316 im
813 3262 895 3317 Sinne
914 3264 962 3316 des
979 3262 1023 3317 ce'r
1041 3263 1133 3317 bonus.
1153 3295 1187 3302 -
1206 3264 1362 3333 9991191199]
1383 3264 1505 3332 „lrommt

277 3354 414 3420 zustande,
433 3352 531 3407 benrht
548 3353 595 3406 auf
614 3356 687 3406 ...“.

348 3495 425 3564 Kap.
447 3498 496 3551 17.
534 3509 576 3550 (9.
595 3496 682 3566 Atque
698 3496 746 3550 boc
764 3496 805 3550 sie
822 3496 906 3550 91199(
924 3497 1018 3566 cenot]
1036 3496 1167 3550 Deductie
1185 3497 1222 3551 ad
1238 3498 1395 3552 absurdum.
1420 3497 1505 3564 „Und

276 3585 367 3639 dieser
389 3584 496 3640 Schluss
519 3584 583 3640 l'alst
605 3585 664 3639 sich
687 3585 755 3639 auch
778 3601 807 3639 so
831 3585 962 3653 ziehen“;
985 3586 1027 3640 die
1051 3586 1220 3640 1199999999
1244 3586 1347 3653 amiur,
1373 3587 1431 3641 dass
1456 3586 1504 3640 das

276 3674 368 3729 Leben
393 3676 530 3729 entweder
552 3674 686 3743 gliicklioh
712 3675 777 3729 oder
800 3675 879 3729 elend
902 3676 967 3729 oder
988 3674 1080 3729 heines
1099 3692 1152 3729 von
1176 3676 1272 3730 beiden
1298 3675 1347 3743 ist,
1374 3675 1441 3728 wird
1466 3674 1506 3729 als

276 3762 540 3819 selbstverstltudlich
572 3763 742 3833 ausgelassen
774 3764 937 3834 (Proposito'o
969 3765 1116 3833 nantolis).
1162 3765 1217 3818 Der
1248 3766 1346 3820 andere
1379 3764 1503 3819 (ledanlre

277 3853 393 3923 (Positic
416 3853 534 3922 eninm),
561 3852 620 3907 eine
638 3856 689 3908 Art
706 3854 796 3908 Leben
821 3854 857 3907 ist
881 3853 1070 3923 preiswiirdig,
1097 3854 1162 3907 wird
1186 3853 1394 3923 eingesehoben3
1418 3852 1503 3920 preis·

276 3942 380 4012 wiirdig
404 3943 439 3997 ist
464 3943 528 3997 aber
552 3942 628 3997 nicht
651 3944 697 3997 das
716 3942 810 3996 elende
828 3942 933 4011 leben,
957 3942 1026 3996 auch
1048 3943 1123 3996 nieht
1142 3943 1228 4012 eines,
1252 3943 1298 3996 das
1316 3943 1406 3996 weder
1424 3940 1503 3995 elend

275 4032 348 4087 noch
365 4031 525 4101 gliielrselig,
550 4032 726 4102 preiswiirdig
743 4032 779 4086 ist
796 4031 927 4086 demnaeh
953 4033 1000 4086 das
1023 4032 1185 4103 gliiekselige
1203 4031 1301 4085 Leben.
1327 4062 1360 4069 -
1386 4029 1503 4098 Epami-

275 4122 394 4191 nondas]
415 4122 570 4189 „nouenae
589 4137 645 4175 war
663 4120 707 4174 ein
724 4120 916 4190 Tummelplatz
935 4122 983 4175 der
1000 4120 1144 4189 Rhetoren
1163 4138 1184 4175 s.
1204 4120 1298 4174 (19911.
1313 4119 1336 4186 Ι,
1351 4120 1399 4173 61:
1420 4116 1505 4185 „hinc

276 4211 416 4265 rhetorum
442 4226 551 4281 campus
575 4211 609 4265 de
632 4210 803 4278 Marathone,
827 4209 1116 4278 89199199,Ρ1919919,
1140 4207 1335 4278 Thermopylis,
1359 4206 1505 4261 19991919ιι

276 4302 339 4370 (371
360 4317 384 4354 V.
405 4299 485 4365 Che).
509 4331 543 4339 —
568 4299 704 4369 9979991999]
730 4304 873 4375 ἡμετέραις
896 4304 1009 4369 βουλαῖς
1027 4304 1143 4369 Σπάρτη
1164 4302 1218 4373 μὲν
1242 4302 1365 4371 ἐκείρατο
1387 4300 1505 4366 (91199999

275 4394 322 4456 eol,
342 4388 561 4458 (91191)δόξαν,·
585 4390 633 4443 (199
650 4389 803 4459 Epigramm
828 4389 905 4442 stand
930 4389 977 4442 aui
1000 4389 1048 4442 der
1065 4388 1141 4441 Basis
1166 4387 1241 4442 einer
1258 4386 1350 4441 Statue
1369 4387 1416 4441 des
1434 4386 1504 4455 lipa-

275 4478 424 4532 minondas
452 4510 486 4519 -
513 4478 678 4548 Africanus]
706 4478 755 4531 der
782 4467 889 4545 ilitere;
921 4478 968 4531 das
995 4476 1147 4546 Epigramm
1174 4477 1210 4530 ist
1236 4492 1287 4531 von
1315 4476 1425 4531 Ennius.
1472 4476 1506 4529 Iu

275 4566 414 4637 Maeotim)
428 4568 530 4638 palude
547 4568 583 4623 iat
600 4568 648 4622 das
665 4585 679 4621 s
698 4569 805 4621 stumm.

1086 4697 1089 4704 ,
1124 4681 1127 4688 ·
1254 4651 1316 4703 W*
