3642 5225
312 508 349 570 78
713 508 920 563 Tusculanarum
938 508 1145 577 disputationum

314 674 399 738 enim
423 675 599 755 quaerunt;
624 690 820 755 quamquam
842 672 956 755 plenae
972 672 1202 755 disputationes
1219 671 1438 736 delectationis
1455 672 1546 735 sunt,

270 782 356 845 salit
385 784 508 857 tamen,
537 782 576 844 ut
604 779 720 844 medici
742 781 809 843 toto
832 797 961 861 corpore
985 779 1123 843 curando
1152 779 1302 844 minimae
1327 780 1424 844 etiam
1447 779 1546 863 parti,

314 888 342 950 si
371 886 547 963 condoluit,
581 885 765 963 medentur,
800 886 846 950 sic
875 886 1074 970 philosophia
1097 905 1170 950 cum
1194 887 1376 951 universam
1401 887 1505 968 aegrit
1529 921 1545 934 -

314 995 419 1058 dinem
443 993 592 1069 sustulit,
621 991 751 1056 sustulit
774 993 887 1071 etiam,
916 993 1039 1075 siquis
1063 1012 1150 1058 error
1173 993 1318 1058 alicunde
1343 994 1483 1070 exstitit,
1514 993 1545 1057 si

313 1101 484 1183 paupertas
507 1098 686 1176 momordit,
709 1099 737 1162 si
758 1099 933 1181 ignominia
947 1099 1093 1182 pupugit,
1117 1100 1144 1163 si
1167 1099 1244 1182 quid
1266 1101 1472 1165 tenebrarum
1489 1101 1546 1164 ob-

313 1206 397 1270 fudit
420 1207 575 1283 exsilium,
607 1208 664 1269 aut
688 1224 806 1283 eorum,
830 1224 911 1288 quae
934 1205 1027 1271 modo
1051 1205 1122 1284 dixi,
1153 1207 1179 1270 si
1204 1207 1280 1289 quid
1303 1207 1443 1281 exst'tit;
1475 1208 1539 1271 etsi

313 1315 512 1396 singularum
542 1333 650 1378 rerum
680 1316 757 1377 sunt
779 1313 924 1397 propriae
948 1315 1192 1392 consolationes,
1224 1314 1262 1378 de
1287 1315 1403 1396 quibus
1427 1314 1541 1378 audies

313 1424 349 1484 tu
374 1420 511 1502 quidem,
535 1440 608 1484 cum
631 1421 726 1485 uoles.

403 1527 465 1593 Sed
490 1526 530 1591 ad
547 1527 683 1592 eundem
698 1527 819 1591 fontem
834 1528 1058 1592 revertendum
1075 1530 1132 1605 est,
1156 1528 1389 1610 aegritudinem
1413 1546 1542 1593 omnem

312 1635 423 1717 procul
452 1635 563 1698 abesse
594 1653 613 1697 a
643 1634 801 1716 sapiente,
836 1634 920 1715 quod
948 1634 1052 1699 inanis
1084 1635 1141 1712 sit,
1175 1634 1259 1717 quod
1289 1634 1409 1699 frustra
1439 1635 1541 1699 susci-

311 1741 433 1823 piatur,
469 1739 554 1821 quod
588 1759 651 1804 non
685 1742 803 1805 natura
834 1741 1008 1819 exoriatur,
1042 1741 1098 1805 sed
1132 1741 1262 1819 iudicio,
1297 1741 1353 1806 sed
1383 1741 1539 1824 opinione,

312 1847 368 1911 sed
399 1846 537 1928 quadam
565 1846 752 1911 inritatione
783 1847 823 1912 ad
853 1847 1040 1926 dolendum,
1070 1867 1143 1913 cum
1170 1848 1203 1912 id
1231 1848 1463 1913 decreverimus
1492 1849 1541 1912 ita

268 1953 379 2018 eafieri
401 1955 554 2036 oportere.
598 1954 669 2019 Hoc
691 1954 847 2032 detracto,
871 1955 954 2036 quod
977 1958 1082 2020 totum
1105 1958 1154 2020 est
1176 1955 1408 2032 voluntarium,
1437 1955 1541 2038 aegri·

310 2061 388 2125 tudo
413 2061 474 2125 erit
497 2061 625 2126 sublata
647 2062 703 2126 illa
726 2081 887 2140 maerens,
918 2081 1043 2126 morsus
1071 2065 1181 2127 tamen
1208 2064 1241 2127 et
1264 2062 1541 2127 contractiuncula

312 2168 469 2249 quaedam
499 2168 598 2232 animi
627 2169 835 2250 relinquetur.
880 2169 972 2234 Hanc
1002 2169 1110 2234 dicant
1137 2188 1212 2234 sane
1235 2168 1429 2246 naturalem,
1459 2168 1540 2233 dum

311 2274 518 2356 aegritudinis
548 2293 663 2339 nomen
694 2276 778 2340 absit
808 2294 920 2357 grave,
949 2277 1105 2354 taetrum,
1133 2275 1313 2355 funestum,
1348 2275 1433 2358 quod
1462 2294 1539 2340 cum

311 2381 466 2463 sapientia
497 2399 566 2446 esse
597 2383 709 2463 atque,
738 2385 776 2446 ut
804 2383 850 2446 ita
873 2383 992 2460 dicam,
1021 2383 1166 2448 habitare
1193 2385 1282 2448 nullo
1310 2382 1404 2447 modo
1427 2382 1539 2465 possit.

309 2489 354 2551 At
377 2506 458 2570 quae
482 2488 597 2572 stirpes
621 2491 697 2553 sunt
720 2490 943 2571 aegritudinis,
973 2508 1070 2572 quam
1099 2490 1237 2568 multae,
1266 2508 1363 2571 quam
1391 2488 1538 2553 amarae!

311 2614 392 2676 quae
426 2595 494 2679 ipsc
524 2598 637 2661 trunco
673 2616 781 2662 euerso
815 2616 925 2662 omnes
956 2597 1118 2680 eligendae
1153 2600 1230 2663 sunt
1264 2601 1311 2675 et,
1346 2596 1374 2661 si
1407 2614 1538 2660 neccsse

310 2702 379 2779 erit,
402 2702 535 2784 singulis
552 2704 830 2785 disputationibus.
866 2704 1020 2787 Superest
1035 2705 1120 2769 enim
1142 2706 1233 2770 nobis
1255 2706 1323 2781 hoc,
1347 2702 1538 2768 cuicuimodi

310 2810 373 2885 est,
402 2809 512 2873 otium.
559 2809 621 2875 Sed
649 2812 731 2875 ratio
758 2830 823 2875 una
846 2812 988 2876 omnium
1012 2815 1062 2876 est
1085 2811 1335 2893 aegritudinum,
1365 2811 1458 2893 plura
1480 2827 1538 2873 no-

381 3033 422 3077 82.
447 3021 603 3091 mmuordit]
627 3023 677 3075 wie
703 3024 826 3090 δάκνειν,
850 3023 901 3076 wir
926 3023 992 3077 aher
1009 3023 1159 3093 „gedriiclrt
1175 3022 1251 3076 hat“.
1278 3052 1314 3063 -
1337 3022 1366 3075 si
1382 3020 1450 3090 quid
1466 3025 1538 3073 tuu-

307 3109 421 3164 trorum
445 3110 560 3181 obfudit]
579 3128 676 3180 „uenn
699 3112 752 3166 den
771 3112 963 3167 Gesiohtslrreis
988 3113 1053 3181 (und
1077 3112 1159 3166 damit
1182 3112 1225 3166 dic
1243 3111 1404 3179 Stimmung)
1427 3109 1538 3179 getriibt

306 3198 387 3267 hat“;
413 3199 453 3253 als
471 3200 618 3270 Gegensatz
641 3201 760 3255 schwebt
777 3200 848 3255 wohl
865 3217 926 3255 vor:
952 3202 986 3255 iu
1003 3202 1061 3255 luce
1082 3201 1187 3269 sorarai
1208 3200 1320 3255 ausari.
1347 3230 1381 3239 —
1404 3199 1475 3268 quod

307 3289 377 3357 quod
395 3291 447 3359 ...]
467 3290 593 3359 Bacchis,
611 3290 662 3344 wie
676 3290 728 3343 den
741 3290 848 3359 Mangel
862 3306 897 3344 an
909 3307 1000 3345 neuen
1014 3290 1158 3345 Gedanlren
1176 3289 1340 3345 rhetorische
1353 3287 1440 3343 Mittel
1453 3290 1537 3356 (Ana-

306 3377 390 3445 phora
407 3381 483 3445 ua.)
502 3379 658 3433 verdeclren.
679 3410 712 3419 -—
730 3379 892 3434 incitatione
909 3380 947 3433 ad
959 3380 1111 3449 dcundum]
1132 3378 1307 3448 „Anreizung
1320 3394 1382 3432 aum
1395 3376 1537 3431 Schmera·

306 3466 430 3536 geliihl“,
449 3467 501 3536 rgl.
521 3469 537 3536 ἕ
557 3470 606 3523 73:
626 3484 677 3535 „se
696 3469 729 3522 ad
747 3468 881 3523 miseriam
899 3468 1044 3523 invitant“.
1068 3499 1102 3508 —
1126 3486 1189 3523 cum
1206 3468 1239 3522 id
1254 3467 1458 3535 decruerimus]
1478 3465 1536 3533 „da

306 3555 356 3608 wir
373 3555 416 3609 die
434 3556 549 3610 Ansiclrt
566 3556 661 3624 haben,
681 3557 739 3612 dass
757 3557 814 3611 dies
833 3561 894 3612 ...“
914 3558 955 3625 (id
972 3575 1007 3612 zu
1022 3558 1105 3627 Jtera').

379 3656 421 3701 aa.
440 3646 685 3715 contractiuncula]
706 3646 788 3714 „eine
801 3646 889 3701 lrleine
903 3647 1132 3716 Belrlemmung“;
1150 3647 1178 3700 111
1192 3648 1240 3701 der
1253 3646 1356 3701 Fraude
1370 3645 1462 3699 waitet
1475 3643 1534 3697 sich

306 3734 352 3787 das
364 3733 445 3801 Hera,
464 3734 502 3787 im
515 3735 646 3789 Kummer
658 3736 745 3804 preist
757 3752 786 3790 es
800 3736 857 3790 sich
871 3752 1033 3791 aursammen.
1048 3768 1082 3776 —
1100 3736 1195 3791 ducat
1260 3734 1425 3803 naturalem]
1441 3733 1536 3788 Cicero

305 3822 462 3892 verleugnet
479 3823 573 3878 seinen
591 3824 800 3879 vermittelnden
813 3825 982 3895 Standpunlrt
1000 3826 1134 3880 awischen
1148 3825 1211 3880 Stoa
1227 3826 1282 3878 und
1294 3823 1432 3892 Peripatos
1450 3820 1535 3888 nicht,

304 3911 392 3965 walrrt
409 3912 474 3966 aber
491 3912 520 3965 in
538 3913 627 3967 dieser
639 3914 819 3983 Abhandlung
836 3914 864 3967 iu
878 3915 927 3968 der
940 3914 1112 3985 Hauptsache
1130 3915 1177 3968 das
1195 3913 1357 3968 stoisohe
1371 3909 1483 3966 Kolorit.
1499 3939 1533 3948 —

304 4003 412 4071 umen]
432 4002 557 4070 „Wort“.
583 4034 617 4042 -
639 4005 730 4073 prave]
754 4003 992 4071 „belrlemmend“.
1016 4036 1050 4044 —
1075 4006 1201 4074 taetrum]
1228 4002 1402 4072 „schaurig“.
1427 4031 1461 4039 -
1487 3997 1534 4065 fu·

304 4092 420 4160 nutum]
436 4090 659 4159 „vernichtend“.
678 4122 713 4132 —
731 4093 863 4163 uacare]
879 4096 981 4162 „untar
994 4094 1082 4148 einem
1096 4094 1187 4148 Dache
1201 4093 1349 4159 wohnan“;
1367 4090 1420 4158 vgl.
1434 4090 1467 4157 V,
1483 4090 1533 4143 69:

305 4195 389 4246 „cum
406 4179 448 4233 his
465 4179 630 4234 habitantem
645 4183 899 4253 pamoctantemque
918 4183 1019 4238 curis“.
1039 4214 1073 4223 —
1092 4188 1187 4238 trunco
1266 4181 1411 4251 uacum]
1431 4178 1534 4233 samm

304 4269 360 4322 und
377 4268 456 4323 Stoclr
474 4268 533 4322 sind
551 4269 703 4338 heraulsan,
723 4270 787 4325 aber
800 4271 931 4326 Wurzeln
948 4272 1002 4327 und
1021 4272 1122 4327 Fasarn
1140 4271 1200 4326 sind
1217 4271 1287 4326 noch
1305 4265 1534 4324 herauszuziehen

304 4357 369 4411 oder
386 4357 617 4427 herauszuzupien
636 4359 767 4429 (sedura).
787 4390 822 4399 -
846 4361 895 4415 icoc
975 4362 1072 4431 otium]
1098 4361 1194 4430 „diosc
1212 4362 1261 4429 da,
1285 4360 1336 4414 wie
1354 4358 1391 4412 du
1409 4356 1532 4422 siehsi“;

304 4444 473 4499 uuieuiowdi
485 4448 542 4514 (fiir
554 4448 803 4517 cuiuscuiusmodc)
816 4452 898 4505 etwas
911 4449 1099 4507 verdrielslich
1111 4450 1284 4520 gesprochen.
1299 4479 1333 4488 —
1347 4443 1532 4516 aegritudines

303 4535 352 4604 est]
370 4533 421 4588 Die
440 4534 602 4606 Gliederung
619 4536 668 4591 der
686 4538 722 4593 14
739 4538 848 4593 Aiielrte
866 4540 975 4609 (ebenso
993 4541 1041 4609 IV,
1062 4543 1106 4608 16)
1124 4540 1160 4594 ist
1177 4537 1247 4593 wohl
1266 4537 1351 4593 diese:
1369 4542 1394 4590 et
1411 4534 1534 4589 incidere
