<?xml version="1.0" encoding="UTF-8"?>
<!DOCTYPE html PUBLIC "-//W3C//DTD XHTML 1.0 Transitional//EN"
    "http://www.w3.org/TR/xhtml1/DTD/xhtml1-transitional.dtd">
<html xmlns="http://www.w3.org/1999/xhtml" xml:lang="en" lang="en">
 <head>
  <title>
</title>
<meta http-equiv="Content-Type" content="text/html;charset=utf-8" />
  <meta name='ocr-system' content='tesseract 3.04.00' />
  <meta name='ocr-capabilities' content='ocr_page ocr_carea ocr_par ocr_line ocrx_word'/>
</head>
<body>
  <div class='ocr_page' id='page_1' title='image "./mtulliiciceroni71cicegoog/mtulliiciceroni71cicegoog_0128.png"; bbox 0 0 3642 5225; ppageno 0'>
   <div class='ocr_carea' id='block_1_1' title="bbox 324 495 1154 568">
    <p class='ocr_par' dir='ltr' id='par_1_1' title="bbox 324 495 1154 568">
     <span class='ocr_line' id='line_1_1' title="bbox 324 495 1154 568; baseline -0.006 -11"><span class='ocrx_word' id='word_1_1' title='bbox 324 495 376 557; x_wconf 79' lang='lat'>122</span> <span class='ocrx_word' id='word_1_2' title='bbox 719 498 928 554; x_wconf 78' lang='lat' dir='ltr'>rmoulanarum</span> <span class='ocrx_word' id='word_1_3' title='bbox 947 499 1154 568; x_wconf 80' lang='lat' dir='ltr'>disputationum</span> 
     </span>
    </p>
   </div>
   <div class='ocr_carea' id='block_1_2' title="bbox 278 661 1559 1369">
    <p class='ocr_par' dir='ltr' id='par_1_2' title="bbox 322 661 1559 1068">
     <span class='ocr_line' id='line_1_2' title="bbox 322 661 1558 747; baseline 0.003 -23"><span class='ocrx_word' id='word_1_4' title='bbox 322 680 400 726; x_wconf 88' lang='lat' dir='ltr'>nera</span> <span class='ocrx_word' id='word_1_5' title='bbox 414 662 578 739; x_wconf 89' lang='lat' dir='ltr'>bonorum,</span> <span class='ocrx_word' id='word_1_6' title='bbox 600 663 720 740; x_wconf 89' lang='lat' dir='ltr'>tamen,</span> <span class='ocrx_word' id='word_1_7' title='bbox 743 661 870 726; x_wconf 82' lang='lat' dir='ltr'>etiamsi</span> <span class='ocrx_word' id='word_1_8' title='bbox 886 662 1014 727; x_wconf 86' lang='lat' dir='ltr'>virtutis</span> <span class='ocrx_word' id='word_1_9' title='bbox 1034 663 1136 746; x_wconf 90' lang='lat' dir='ltr'>ipsius</span> <span class='ocrx_word' id='word_1_10' title='bbox 1152 663 1368 728; x_wconf 87' lang='lat' dir='ltr'>vehementior</span> <span class='ocrx_word' id='word_1_11' title='bbox 1391 664 1558 747; x_wconf 85' lang='lat' dir='ltr'>appetitus</span> 
     </span>
     <span class='ocr_line' id='line_1_3' title="bbox 323 767 1559 845; baseline 0.002 -13"><span class='ocrx_word' id='word_1_12' title='bbox 323 768 382 845; x_wconf 92' lang='lat' dir='ltr'>sit,</span> <span class='ocrx_word' id='word_1_13' title='bbox 414 767 526 833; x_wconf 85' lang='lat' dir='ltr'>eadem</span> <span class='ocrx_word' id='word_1_14' title='bbox 554 768 597 832; x_wconf 90' lang='lat' dir='ltr'>sit</span> <span class='ocrx_word' id='word_1_15' title='bbox 620 769 767 833; x_wconf 89' lang='lat' dir='ltr'>omnibus</span> <span class='ocrx_word' id='word_1_16' title='bbox 795 769 835 832; x_wconf 91' lang='lat' dir='ltr'>ad</span> <span class='ocrx_word' id='word_1_17' title='bbox 859 769 1086 834; x_wconf 87' lang='lat' dir='ltr'>deterrendum</span> <span class='ocrx_word' id='word_1_18' title='bbox 1114 770 1293 835; x_wconf 88' lang='lat' dir='ltr'>adhibenda</span> <span class='ocrx_word' id='word_1_19' title='bbox 1316 771 1425 835; x_wconf 89' lang='lat' dir='ltr'>oratio.</span> <span class='ocrx_word' id='word_1_20' title='bbox 1472 770 1559 836; x_wconf 83' lang='lat' dir='ltr'>Con·</span> 
     </span>
     <span class='ocr_line' id='line_1_4' title="bbox 324 875 1555 962; baseline 0.004 -24"><span class='ocrx_word' id='word_1_21' title='bbox 324 875 407 939; x_wconf 88' lang='lat' dir='ltr'>tinet</span> <span class='ocrx_word' id='word_1_22' title='bbox 434 877 543 939; x_wconf 84' lang='lat' dir='ltr'>autem</span> <span class='ocrx_word' id='word_1_23' title='bbox 570 893 697 940; x_wconf 92' lang='lat' dir='ltr'>omnem</span> <span class='ocrx_word' id='word_1_24' title='bbox 726 875 924 941; x_wconf 89' lang='lat' dir='ltr'>sedationem</span> <span class='ocrx_word' id='word_1_25' title='bbox 951 877 1050 941; x_wconf 87' lang='lat' dir='ltr'>animi</span> <span class='ocrx_word' id='word_1_26' title='bbox 1072 877 1214 942; x_wconf 88' lang='lat' dir='ltr'>humana</span> <span class='ocrx_word' id='word_1_27' title='bbox 1241 878 1275 942; x_wconf 90' lang='lat' dir='ltr'>in</span> <span class='ocrx_word' id='word_1_28' title='bbox 1303 881 1476 960; x_wconf 88' lang='lat' dir='ltr'>conspectu</span> <span class='ocrx_word' id='word_1_29' title='bbox 1498 897 1555 962; x_wconf 80' lang='lat' dir='ltr'>po</span> 
     </span>
     <span class='ocr_line' id='line_1_5' title="bbox 322 981 1558 1068; baseline 0.003 -22"><span class='ocrx_word' id='word_1_30' title='bbox 322 981 386 1046; x_wconf 89' lang='lat' dir='ltr'>sita</span> <span class='ocrx_word' id='word_1_31' title='bbox 407 983 542 1055; x_wconf 87' lang='lat' dir='ltr'>natura;</span> <span class='ocrx_word' id='word_1_32' title='bbox 573 1001 655 1064; x_wconf 87' lang='lat' dir='ltr'>quae</span> <span class='ocrx_word' id='word_1_33' title='bbox 679 1001 742 1064; x_wconf 91' lang='lat' dir='ltr'>quo</span> <span class='ocrx_word' id='word_1_34' title='bbox 765 982 890 1047; x_wconf 77' lang='lat' dir='ltr'><strong>facilius</strong></span> <span class='ocrx_word' id='word_1_35' title='bbox 919 1002 1068 1067; x_wconf 86' lang='lat' dir='ltr'>expressa</span> <span class='ocrx_word' id='word_1_36' title='bbox 1095 987 1260 1062; x_wconf 84' lang='lat' dir='ltr'>comatur,</span> <span class='ocrx_word' id='word_1_37' title='bbox 1290 985 1475 1068; x_wconf 85' lang='lat' dir='ltr'>explicanda</span> <span class='ocrx_word' id='word_1_38' title='bbox 1503 988 1558 1050; x_wconf 88' lang='lat' dir='ltr'>est</span> 
     </span>
    </p>

    <p class='ocr_par' dir='ltr' id='par_1_3' title="bbox 278 1088 1558 1369">
     <span class='ocr_line' id='line_1_6' title="bbox 278 1088 1556 1173; baseline 0.006 -25"><span class='ocrx_word' id='word_1_39' title='bbox 278 1088 463 1153; x_wconf 76' lang='lat' dir='ltr'>sacratione</span> <span class='ocrx_word' id='word_1_40' title='bbox 486 1090 663 1154; x_wconf 91' lang='lat' dir='ltr'>communis</span> <span class='ocrx_word' id='word_1_41' title='bbox 687 1089 827 1154; x_wconf 87' lang='lat' dir='ltr'>condicio</span> <span class='ocrx_word' id='word_1_42' title='bbox 848 1091 964 1172; x_wconf 83' lang='lat' dir='ltr'>lexque</span> <span class='ocrx_word' id='word_1_43' title='bbox 987 1091 1081 1155; x_wconf 88' lang='lat' dir='ltr'>vitae.</span> <span class='ocrx_word' id='word_1_44' title='bbox 1125 1091 1241 1173; x_wconf 87' lang='lat' dir='ltr'>Itaque</span> <span class='ocrx_word' id='word_1_45' title='bbox 1267 1109 1331 1156; x_wconf 91' lang='lat' dir='ltr'>non</span> <span class='ocrx_word' id='word_1_46' title='bbox 1355 1093 1422 1156; x_wconf 88' lang='lat' dir='ltr'>sina</span> <span class='ocrx_word' id='word_1_47' title='bbox 1447 1110 1556 1170; x_wconf 87' lang='lat' dir='ltr'>eausa,</span> 
     </span>
     <span class='ocr_line' id='line_1_7' title="bbox 320 1193 1558 1281; baseline 0.003 -22"><span class='ocrx_word' id='word_1_48' title='bbox 320 1214 396 1260; x_wconf 92' lang='lat' dir='ltr'>cum</span> <span class='ocrx_word' id='word_1_49' title='bbox 420 1193 568 1261; x_wconf 81' lang='lat' dir='ltr'><strong>Orestem</strong></span> <span class='ocrx_word' id='word_1_50' title='bbox 595 1195 737 1261; x_wconf 84' lang='lat' dir='ltr'>fabulam</span> <span class='ocrx_word' id='word_1_51' title='bbox 761 1196 889 1262; x_wconf 87' lang='lat' dir='ltr'>doceret</span> <span class='ocrx_word' id='word_1_52' title='bbox 911 1197 1095 1280; x_wconf 82' lang='lat' dir='ltr'>Euripides,</span> <span class='ocrx_word' id='word_1_53' title='bbox 1125 1198 1244 1281; x_wconf 92' lang='lat' dir='ltr'>primos</span> <span class='ocrx_word' id='word_1_54' title='bbox 1272 1201 1338 1262; x_wconf 90' lang='lat' dir='ltr'>tres</span> <span class='ocrx_word' id='word_1_55' title='bbox 1361 1217 1473 1263; x_wconf 84' lang='lat' dir='ltr'>versus</span> <span class='ocrx_word' id='word_1_56' title='bbox 1504 1218 1558 1263; x_wconf 88' lang='lat' dir='ltr'>re-</span> 
     </span>
     <span class='ocr_line' id='line_1_8' title="bbox 321 1302 779 1369; baseline 0 -2"><span class='ocrx_word' id='word_1_57' title='bbox 321 1321 450 1368; x_wconf 75' lang='lat' dir='ltr'><strong>vocasse</strong></span> <span class='ocrx_word' id='word_1_58' title='bbox 474 1302 591 1368; x_wconf 85' lang='lat' dir='ltr'>dicitur</span> <span class='ocrx_word' id='word_1_59' title='bbox 615 1302 779 1369; x_wconf 75' lang='lat' dir='ltr'><strong>Socrates:</strong></span> 
     </span>
    </p>
   </div>
   <div class='ocr_carea' id='block_1_3' title="bbox 433 1437 1447 1736">
    <p class='ocr_par' dir='ltr' id='par_1_4' title="bbox 433 1437 1447 1736">
     <span class='ocr_line' id='line_1_9' title="bbox 433 1437 1408 1519; baseline 0 -18"><span class='ocrx_word' id='word_1_60' title='bbox 433 1437 571 1519; x_wconf 81' lang='lat' dir='ltr'>Neque</span> <span class='ocrx_word' id='word_1_61' title='bbox 594 1437 911 1503; x_wconf 75' lang='lat' dir='ltr'>tdmterribilis</span> <span class='ocrx_word' id='word_1_62' title='bbox 934 1438 1166 1503; x_wconf 76' lang='lat' dir='ltr'>dilatando</span> <span class='ocrx_word' id='word_1_63' title='bbox 1189 1437 1321 1502; x_wconf 78' lang='lat' dir='ltr'>oratio</span> <span class='ocrx_word' id='word_1_64' title='bbox 1345 1441 1408 1503; x_wconf 92' lang='lat' dir='ltr'>est</span> 
     </span>
     <span class='ocr_line' id='line_1_10' title="bbox 435 1544 1447 1621; baseline 0 -13"><span class='ocrx_word' id='word_1_65' title='bbox 435 1544 516 1609; x_wconf 87' lang='lat' dir='ltr'>Noc</span> <span class='ocrx_word' id='word_1_66' title='bbox 539 1545 629 1609; x_wconf 84' lang='lat' dir='ltr'>sors</span> <span class='ocrx_word' id='word_1_67' title='bbox 651 1564 724 1610; x_wconf 88' lang='lat' dir='ltr'>nec</span> <span class='ocrx_word' id='word_1_68' title='bbox 746 1545 807 1609; x_wconf 87' lang='lat' dir='ltr'>ira</span> <span class='ocrx_word' id='word_1_69' title='bbox 830 1545 1029 1610; x_wconf 78' lang='lat' dir='ltr'>cadlitum</span> <span class='ocrx_word' id='word_1_70' title='bbox 1052 1546 1260 1610; x_wconf 80' lang='lat' dir='ltr'>invectum</span> <span class='ocrx_word' id='word_1_71' title='bbox 1282 1546 1447 1621; x_wconf 90' lang='lat' dir='ltr'>malum,</span> 
     </span>
     <span class='ocr_line' id='line_1_11' title="bbox 434 1649 1426 1736; baseline 0 -21"><span class='ocrx_word' id='word_1_72' title='bbox 434 1649 545 1730; x_wconf 83' lang='lat' dir='ltr'>Quod</span> <span class='ocrx_word' id='word_1_73' title='bbox 568 1652 648 1716; x_wconf 84' lang='lat' dir='ltr'>non</span> <span class='ocrx_word' id='word_1_74' title='bbox 670 1654 820 1715; x_wconf 88' lang='lat' dir='ltr'>natura</span> <span class='ocrx_word' id='word_1_75' title='bbox 842 1651 1018 1716; x_wconf 76' lang='lat' dir='ltr'>humana</span> <span class='ocrx_word' id='word_1_76' title='bbox 1040 1652 1235 1736; x_wconf 87' lang='lat' dir='ltr'>patiendo</span> <span class='ocrx_word' id='word_1_77' title='bbox 1260 1651 1426 1717; x_wconf 76' lang='lat' dir='ltr'>tolerat.</span> 
     </span>
    </p>
   </div>
   <div class='ocr_carea' id='block_1_4' title="bbox 320 1803 1555 2618">
    <p class='ocr_par' dir='ltr' id='par_1_5' title="bbox 320 1803 1555 2618">
     <span class='ocr_line' id='line_1_12' title="bbox 322 1803 1555 1888; baseline 0.002 -22"><span class='ocrx_word' id='word_1_78' title='bbox 322 1803 382 1866; x_wconf 82' lang='lat' dir='ltr'>list</span> <span class='ocrx_word' id='word_1_79' title='bbox 405 1805 514 1867; x_wconf 90' lang='lat' dir='ltr'>autem</span> <span class='ocrx_word' id='word_1_80' title='bbox 541 1803 630 1867; x_wconf 89' lang='lat' dir='ltr'>utilis</span> <span class='ocrx_word' id='word_1_81' title='bbox 659 1803 698 1868; x_wconf 88' lang='lat' dir='ltr'>ad</span> <span class='ocrx_word' id='word_1_82' title='bbox 722 1804 979 1888; x_wconf 85' lang='lat' dir='ltr'>persuadendum</span> <span class='ocrx_word' id='word_1_83' title='bbox 1008 1823 1060 1882; x_wconf 90' lang='lat' dir='ltr'>ea,</span> <span class='ocrx_word' id='word_1_84' title='bbox 1091 1823 1173 1886; x_wconf 85' lang='lat' dir='ltr'>quae</span> <span class='ocrx_word' id='word_1_85' title='bbox 1197 1804 1384 1882; x_wconf 89' lang='lat' dir='ltr'>acciderint,</span> <span class='ocrx_word' id='word_1_86' title='bbox 1415 1804 1491 1870; x_wconf 88' lang='lat' dir='ltr'>ferri</span> <span class='ocrx_word' id='word_1_87' title='bbox 1520 1806 1555 1869; x_wconf 87' lang='lat' dir='ltr'>et</span> 
     </span>
     <span class='ocr_line' id='line_1_13' title="bbox 320 1911 1555 1992; baseline 0.002 -18"><span class='ocrx_word' id='word_1_88' title='bbox 320 1927 413 1992; x_wconf 92' lang='lat' dir='ltr'>posse</span> <span class='ocrx_word' id='word_1_89' title='bbox 444 1911 477 1974; x_wconf 92' lang='lat' dir='ltr'>et</span> <span class='ocrx_word' id='word_1_90' title='bbox 506 1913 650 1992; x_wconf 88' lang='lat' dir='ltr'>oportere</span> <span class='ocrx_word' id='word_1_91' title='bbox 680 1911 878 1976; x_wconf 77' lang='lat' dir='ltr'>enumeratio</span> <span class='ocrx_word' id='word_1_92' title='bbox 909 1930 1035 1988; x_wconf 89' lang='lat' dir='ltr'>eorum,</span> <span class='ocrx_word' id='word_1_93' title='bbox 1067 1911 1122 1992; x_wconf 93' lang='lat' dir='ltr'>qui</span> <span class='ocrx_word' id='word_1_94' title='bbox 1150 1911 1304 1975; x_wconf 87' lang='lat' dir='ltr'>tulerunt.</span> <span class='ocrx_word' id='word_1_95' title='bbox 1349 1911 1420 1975; x_wconf 83' lang='lat' dir='ltr'>Etsi</span> <span class='ocrx_word' id='word_1_96' title='bbox 1450 1911 1555 1992; x_wconf 88' lang='lat' dir='ltr'>aegri·</span> 
     </span>
     <span class='ocr_line' id='line_1_14' title="bbox 321 2015 1555 2101; baseline 0.002 -22"><span class='ocrx_word' id='word_1_97' title='bbox 321 2015 442 2080; x_wconf 89' lang='lat' dir='ltr'>tudinis</span> <span class='ocrx_word' id='word_1_98' title='bbox 470 2015 591 2081; x_wconf 89' lang='lat' dir='ltr'>sedatio</span> <span class='ocrx_word' id='word_1_99' title='bbox 615 2020 648 2082; x_wconf 85' lang='lat' dir='ltr'>et</span> <span class='ocrx_word' id='word_1_100' title='bbox 670 2018 822 2083; x_wconf 87' lang='lat' dir='ltr'>hesterna</span> <span class='ocrx_word' id='word_1_101' title='bbox 844 2017 1059 2101; x_wconf 90' lang='lat' dir='ltr'>disputatione</span> <span class='ocrx_word' id='word_1_102' title='bbox 1083 2018 1239 2101; x_wconf 85' lang='lat' dir='ltr'>explicata</span> <span class='ocrx_word' id='word_1_103' title='bbox 1267 2019 1316 2083; x_wconf 86' lang='lat' dir='ltr'>est</span> <span class='ocrx_word' id='word_1_104' title='bbox 1339 2020 1372 2082; x_wconf 91' lang='lat' dir='ltr'>et</span> <span class='ocrx_word' id='word_1_105' title='bbox 1394 2019 1428 2082; x_wconf 91' lang='lat' dir='ltr'>in</span> <span class='ocrx_word' id='word_1_106' title='bbox 1452 2017 1555 2084; x_wconf 82' lang='lat' dir='ltr'>Con-</span> 
     </span>
     <span class='ocr_line' id='line_1_15' title="bbox 322 2123 1554 2208; baseline 0.001 -21"><span class='ocrx_word' id='word_1_107' title='bbox 322 2123 548 2188; x_wconf 89' lang='lat' dir='ltr'>solationis</span> <span class='ocrx_word' id='word_1_108' title='bbox 577 2124 674 2202; x_wconf 88' lang='lat' dir='ltr'>libro,</span> <span class='ocrx_word' id='word_1_109' title='bbox 706 2143 802 2206; x_wconf 85' lang='lat' dir='ltr'>quem</span> <span class='ocrx_word' id='word_1_110' title='bbox 823 2124 857 2188; x_wconf 90' lang='lat' dir='ltr'>in</span> <span class='ocrx_word' id='word_1_111' title='bbox 880 2124 985 2190; x_wconf 86' lang='lat' dir='ltr'>medio</span> <span class='ocrx_word' id='word_1_112' title='bbox 1008 2125 1096 2208; x_wconf 84' lang='lat' dir='ltr'>(nom</span> <span class='ocrx_word' id='word_1_113' title='bbox 1119 2125 1204 2189; x_wconf 92' lang='lat' dir='ltr'>enim</span> <span class='ocrx_word' id='word_1_114' title='bbox 1228 2125 1386 2207; x_wconf 88' lang='lat' dir='ltr'>sapientes</span> <span class='ocrx_word' id='word_1_115' title='bbox 1410 2124 1554 2208; x_wconf 83' lang='lat' dir='ltr'>eramus)</span> 
     </span>
     <span class='ocr_line' id='line_1_16' title="bbox 320 2230 1553 2315; baseline 0.002 -21"><span class='ocrx_word' id='word_1_116' title='bbox 320 2249 464 2296; x_wconf 88' lang='lat' dir='ltr'>maerore</span> <span class='ocrx_word' id='word_1_117' title='bbox 492 2233 525 2295; x_wconf 92' lang='lat' dir='ltr'>et</span> <span class='ocrx_word' id='word_1_118' title='bbox 553 2231 659 2296; x_wconf 87' lang='lat' dir='ltr'>doloro</span> <span class='ocrx_word' id='word_1_119' title='bbox 687 2232 949 2315; x_wconf 83' lang='lat' dir='ltr'>conscripsimus3</span> <span class='ocrx_word' id='word_1_120' title='bbox 980 2231 1127 2313; x_wconf 88' lang='lat' dir='ltr'>quodque</span> <span class='ocrx_word' id='word_1_121' title='bbox 1156 2233 1245 2296; x_wconf 89' lang='lat' dir='ltr'>vetat</span> <span class='ocrx_word' id='word_1_122' title='bbox 1268 2230 1480 2314; x_wconf 79' lang='lat' dir='ltr'>Chrysippus,</span> <span class='ocrx_word' id='word_1_123' title='bbox 1512 2231 1553 2296; x_wconf 85' lang='lat' dir='ltr'>ad</span> 
     </span>
     <span class='ocr_line' id='line_1_17' title="bbox 321 2337 1552 2420; baseline 0.002 -19"><span class='ocrx_word' id='word_1_124' title='bbox 321 2339 465 2402; x_wconf 87' lang='lat' dir='ltr'>recentes</span> <span class='ocrx_word' id='word_1_125' title='bbox 489 2338 581 2420; x_wconf 88' lang='lat' dir='ltr'>quasi</span> <span class='ocrx_word' id='word_1_126' title='bbox 603 2340 745 2402; x_wconf 87' lang='lat' dir='ltr'>tumores</span> <span class='ocrx_word' id='word_1_127' title='bbox 769 2338 867 2402; x_wconf 89' lang='lat' dir='ltr'>animi</span> <span class='ocrx_word' id='word_1_128' title='bbox 890 2338 1068 2403; x_wconf 87' lang='lat' dir='ltr'>remedium</span> <span class='ocrx_word' id='word_1_129' title='bbox 1092 2339 1258 2416; x_wconf 86' lang='lat' dir='ltr'>adhibere,</span> <span class='ocrx_word' id='word_1_130' title='bbox 1281 2338 1314 2403; x_wconf 91' lang='lat' dir='ltr'>id</span> <span class='ocrx_word' id='word_1_131' title='bbox 1336 2357 1393 2402; x_wconf 91' lang='lat' dir='ltr'>nos</span> <span class='ocrx_word' id='word_1_132' title='bbox 1416 2337 1552 2403; x_wconf 86' lang='lat' dir='ltr'>fecimus</span> 
     </span>
     <span class='ocr_line' id='line_1_18' title="bbox 321 2444 1554 2527; baseline 0.001 -19"><span class='ocrx_word' id='word_1_133' title='bbox 321 2449 519 2527; x_wconf 79' lang='lat' dir='ltr'>naturaeque</span> <span class='ocrx_word' id='word_1_134' title='bbox 535 2445 599 2509; x_wconf 87' lang='lat' dir='ltr'>vim</span> <span class='ocrx_word' id='word_1_135' title='bbox 616 2445 795 2522; x_wconf 71' lang='lat' dir='ltr'>attulimus,</span> <span class='ocrx_word' id='word_1_136' title='bbox 818 2447 856 2508; x_wconf 93' lang='lat' dir='ltr'>ut</span> <span class='ocrx_word' id='word_1_137' title='bbox 870 2445 1085 2527; x_wconf 86' lang='lat' dir='ltr'>magnitudini</span> <span class='ocrx_word' id='word_1_138' title='bbox 1101 2445 1275 2510; x_wconf 88' lang='lat' dir='ltr'>medicinae</span> <span class='ocrx_word' id='word_1_139' title='bbox 1292 2444 1407 2509; x_wconf 89' lang='lat' dir='ltr'>doloris</span> <span class='ocrx_word' id='word_1_140' title='bbox 1428 2445 1554 2527; x_wconf 88' lang='lat' dir='ltr'>magni·</span> 
     </span>
     <span class='ocr_line' id='line_1_19' title="bbox 322 2551 619 2618; baseline 0 -1"><span class='ocrx_word' id='word_1_141' title='bbox 322 2551 399 2617; x_wconf 90' lang='lat' dir='ltr'>tudo</span> <span class='ocrx_word' id='word_1_142' title='bbox 423 2552 619 2618; x_wconf 85' lang='lat' dir='ltr'>concederet.</span> 
     </span>
    </p>
   </div>
   <div class='ocr_carea' id='block_1_5' title="bbox 267 2639 1555 2768">
    <p class='ocr_par' dir='ltr' id='par_1_6' title="bbox 267 2639 1555 2768">
     <span class='ocr_line' id='line_1_20' title="bbox 267 2639 1555 2768; baseline 0.004 -48"><span class='ocrx_word' id='word_1_143' title='bbox 267 2639 312 2768; x_wconf 54' lang='lat'>⁸⁶1}</span> <span class='ocrx_word' id='word_1_144' title='bbox 412 2660 475 2724; x_wconf 80' lang='lat' dir='ltr'>Sed</span> <span class='ocrx_word' id='word_1_145' title='bbox 499 2660 706 2742; x_wconf 84' lang='lat' dir='ltr'>aegritudini,</span> <span class='ocrx_word' id='word_1_146' title='bbox 735 2660 774 2725; x_wconf 90' lang='lat' dir='ltr'>de</span> <span class='ocrx_word' id='word_1_147' title='bbox 798 2679 863 2742; x_wconf 88' lang='lat' dir='ltr'>qua</span> <span class='ocrx_word' id='word_1_148' title='bbox 893 2661 972 2725; x_wconf 89' lang='lat' dir='ltr'>satis</span> <span class='ocrx_word' id='word_1_149' title='bbox 1001 2665 1050 2725; x_wconf 88' lang='lat' dir='ltr'>est</span> <span class='ocrx_word' id='word_1_150' title='bbox 1073 2659 1288 2744; x_wconf 87' lang='lat' dir='ltr'>disputatum,</span> <span class='ocrx_word' id='word_1_151' title='bbox 1317 2659 1472 2724; x_wconf 91' lang='lat' dir='ltr'>finitimus</span> <span class='ocrx_word' id='word_1_152' title='bbox 1502 2664 1555 2725; x_wconf 85' lang='lat' dir='ltr'>est</span> 
     </span>
    </p>
   </div>
   <div class='ocr_carea' id='block_1_6' title="bbox 318 2923 1556 3627">
    <p class='ocr_par' dir='ltr' id='par_1_7' title="bbox 318 2923 1556 3439">
     <span class='ocr_line' id='line_1_21' title="bbox 320 2923 1552 3000; baseline 0.002 -23"><span class='ocrx_word' id='word_1_153' title='bbox 320 2924 448 2993; x_wconf 67' lang='lat' dir='ltr'>corpores.</span> <span class='ocrx_word' id='word_1_154' title='bbox 462 2927 589 2993; x_wconf 69' lang='lat' dir='ltr'>caterno).</span> <span class='ocrx_word' id='word_1_155' title='bbox 609 2954 643 2962; x_wconf 91' lang='lat'>—</span> <span class='ocrx_word' id='word_1_156' title='bbox 662 2928 754 2977; x_wconf 79' lang='lat' dir='ltr'>tamen</span> <span class='ocrx_word' id='word_1_157' title='bbox 824 2924 917 2978; x_wconf 79' lang='lat' dir='ltr'>eudem</span> <span class='ocrx_word' id='word_1_158' title='bbox 931 2964 937 2977; x_wconf 90' lang='lat'>.</span> <span class='ocrx_word' id='word_1_159' title='bbox 949 2965 973 2977; x_wconf 91' lang='lat'>..</span> <span class='ocrx_word' id='word_1_160' title='bbox 988 2924 1085 2994; x_wconf 72' lang='lat' dir='ltr'>orclac]</span> <span class='ocrx_word' id='word_1_161' title='bbox 1101 2925 1135 2979; x_wconf 91' lang='lat' dir='ltr'>In</span> <span class='ocrx_word' id='word_1_162' title='bbox 1148 2923 1345 2993; x_wconf 87' lang='lat' dir='ltr'>dchahnung</span> <span class='ocrx_word' id='word_1_163' title='bbox 1357 2927 1448 3000; x_wconf 72' lang='grc' dir='ltr'><em>μηδὲν</em></span> <span class='ocrx_word' id='word_1_164' title='bbox 1461 2928 1552 2997; x_wconf 72' lang='lat' dir='ltr'>dycvl</span> 
     </span>
     <span class='ocr_line' id='line_1_22' title="bbox 320 3012 1556 3084; baseline 0.001 -17"><span class='ocrx_word' id='word_1_165' title='bbox 320 3013 445 3067; x_wconf 89' lang='lat' dir='ltr'>stimmen</span> <span class='ocrx_word' id='word_1_166' title='bbox 463 3012 534 3067; x_wconf 87' lang='lat' dir='ltr'>alle</span> <span class='ocrx_word' id='word_1_167' title='bbox 548 3012 790 3083; x_wconf 87' lang='lat' dir='ltr'>Philosophen</span> <span class='ocrx_word' id='word_1_168' title='bbox 809 3013 928 3067; x_wconf 85' lang='lat' dir='ltr'>iiberein.</span> <span class='ocrx_word' id='word_1_169' title='bbox 949 3044 982 3054; x_wconf 94' lang='lat'>-</span> <span class='ocrx_word' id='word_1_170' title='bbox 1002 3014 1034 3067; x_wconf 80' lang='lat' dir='ltr'>in</span> <span class='ocrx_word' id='word_1_171' title='bbox 1052 3019 1194 3083; x_wconf 76' lang='lat' dir='ltr'>conspeetu</span> <span class='ocrx_word' id='word_1_172' title='bbox 1208 3014 1311 3084; x_wconf 80' lang='lat' dir='ltr'>posita]</span> <span class='ocrx_word' id='word_1_173' title='bbox 1330 3030 1427 3083; x_wconf 86' lang='lat' dir='ltr'>„wcnn</span> <span class='ocrx_word' id='word_1_174' title='bbox 1445 3014 1484 3068; x_wconf 89' lang='lat' dir='ltr'>sie</span> <span class='ocrx_word' id='word_1_175' title='bbox 1503 3031 1556 3068; x_wconf 87' lang='lat' dir='ltr'>vor</span> 
     </span>
     <span class='ocr_line' id='line_1_23' title="bbox 319 3102 1555 3173; baseline 0.002 -18"><span class='ocrx_word' id='word_1_176' title='bbox 319 3103 372 3157; x_wconf 88' lang='lat' dir='ltr'>den</span> <span class='ocrx_word' id='word_1_177' title='bbox 390 3104 485 3172; x_wconf 83' lang='lat' dir='ltr'>Augen</span> <span class='ocrx_word' id='word_1_178' title='bbox 503 3102 569 3172; x_wconf 84' lang='lat' dir='ltr'>liegt</span> <span class='ocrx_word' id='word_1_179' title='bbox 586 3102 709 3173; x_wconf 82' lang='lat' dir='ltr'>(steht)“.</span> <span class='ocrx_word' id='word_1_180' title='bbox 728 3134 763 3143; x_wconf 97' lang='lat'>—</span> <span class='ocrx_word' id='word_1_181' title='bbox 785 3104 921 3173; x_wconf 61' lang='lat' dir='ltr'>amessa]</span> <span class='ocrx_word' id='word_1_182' title='bbox 941 3102 991 3156; x_wconf 82' lang='lat' dir='ltr'>wic</span> <span class='ocrx_word' id='word_1_183' title='bbox 1009 3102 1101 3172; x_wconf 74' lang='lat' dir='ltr'>imago</span> <span class='ocrx_word' id='word_1_184' title='bbox 1119 3119 1252 3172; x_wconf 74' lang='lat' dir='ltr'>expressa.</span> <span class='ocrx_word' id='word_1_185' title='bbox 1277 3134 1311 3143; x_wconf 92' lang='lat'>-</span> <span class='ocrx_word' id='word_1_186' title='bbox 1334 3103 1496 3173; x_wconf 65' lang='lat' dir='ltr'>suplicando</span> <span class='ocrx_word' id='word_1_187' title='bbox 1513 3110 1555 3158; x_wconf 84' lang='lat' dir='ltr'>est</span> 
     </span>
     <span class='ocr_line' id='line_1_24' title="bbox 319 3191 1555 3262; baseline 0.002 -18"><span class='ocrx_word' id='word_1_188' title='bbox 319 3191 451 3262; x_wconf 71' lang='lat' dir='ltr'>orclo’ccoc]</span> <span class='ocrx_word' id='word_1_189' title='bbox 476 3192 597 3247; x_wconf 67' lang='lat' dir='ltr'>matrone</span> <span class='ocrx_word' id='word_1_190' title='bbox 614 3192 712 3247; x_wconf 79' lang='lat' dir='ltr'>ldnnte</span> <span class='ocrx_word' id='word_1_191' title='bbox 735 3193 804 3247; x_wconf 90' lang='lat' dir='ltr'>auch</span> <span class='ocrx_word' id='word_1_192' title='bbox 822 3192 930 3260; x_wconf 77' lang='lat' dir='ltr'>ichlen3</span> <span class='ocrx_word' id='word_1_193' title='bbox 957 3208 986 3247; x_wconf 88' lang='lat' dir='ltr'>es</span> <span class='ocrx_word' id='word_1_194' title='bbox 1010 3193 1108 3246; x_wconf 83' lang='lat' dir='ltr'>nmdet</span> <span class='ocrx_word' id='word_1_195' title='bbox 1129 3192 1181 3245; x_wconf 87' lang='lat' dir='ltr'>wie</span> <span class='ocrx_word' id='word_1_196' title='bbox 1205 3195 1274 3247; x_wconf 87' lang='lat' dir='ltr'>etwa</span> <span class='ocrx_word' id='word_1_197' title='bbox 1296 3191 1340 3246; x_wconf 87' lang='lat' dir='ltr'>sin</span> <span class='ocrx_word' id='word_1_198' title='bbox 1362 3192 1474 3247; x_wconf 78' lang='lat' dir='ltr'>dicendo</span> <span class='ocrx_word' id='word_1_199' title='bbox 1497 3192 1555 3247; x_wconf 89' lang='lat' dir='ltr'>den</span> 
     </span>
     <span class='ocr_line' id='line_1_25' title="bbox 318 3280 1554 3351; baseline 0.001 -16"><span class='ocrx_word' id='word_1_200' title='bbox 318 3280 380 3335; x_wconf 85' lang='lat' dir='ltr'>Satz</span> <span class='ocrx_word' id='word_1_201' title='bbox 398 3281 446 3349; x_wconf 84' lang='lat' dir='ltr'>ab;</span> <span class='ocrx_word' id='word_1_202' title='bbox 471 3297 500 3335; x_wconf 88' lang='lat' dir='ltr'>so</span> <span class='ocrx_word' id='word_1_203' title='bbox 519 3280 636 3335; x_wconf 88' lang='lat' dir='ltr'>hernach</span> <span class='ocrx_word' id='word_1_204' title='bbox 655 3282 691 3334; x_wconf 92' lang='lat' dir='ltr'>im</span> <span class='ocrx_word' id='word_1_205' title='bbox 710 3281 795 3336; x_wconf 84' lang='lat' dir='ltr'>Verso</span> <span class='ocrx_word' id='word_1_206' title='bbox 814 3282 872 3336; x_wconf 78' lang='lat' dir='ltr'>ullo</span> <span class='ocrx_word' id='word_1_207' title='bbox 889 3281 974 3349; x_wconf 77' lang='lat' dir='ltr'>suado</span> <span class='ocrx_word' id='word_1_208' title='bbox 993 3282 1113 3336; x_wconf 84' lang='lat' dir='ltr'>orctiost.</span> <span class='ocrx_word' id='word_1_209' title='bbox 1139 3313 1172 3321; x_wconf 93' lang='lat'><em>-</em></span> <span class='ocrx_word' id='word_1_210' title='bbox 1196 3282 1252 3335; x_wconf 79' lang='lat' dir='ltr'>lec.</span> <span class='ocrx_word' id='word_1_211' title='bbox 1264 3321 1287 3333; x_wconf 85' lang='lat'>..</span> <span class='ocrx_word' id='word_1_212' title='bbox 1306 3281 1387 3351; x_wconf 78' lang='lat' dir='ltr'>citae]</span> <span class='ocrx_word' id='word_1_213' title='bbox 1406 3297 1427 3335; x_wconf 88' lang='lat' dir='ltr'>s.</span> <span class='ocrx_word' id='word_1_214' title='bbox 1447 3298 1481 3334; x_wconf 84' lang='lat' dir='ltr'>zu</span> <span class='ocrx_word' id='word_1_215' title='bbox 1499 3282 1554 3351; x_wconf 87' lang='lat' dir='ltr'>III,</span> 
     </span>
     <span class='ocr_line' id='line_1_26' title="bbox 319 3369 464 3439; baseline -0.007 -16"><span class='ocrx_word' id='word_1_216' title='bbox 319 3369 381 3425; x_wconf 69' lang='lat'><strong>291.</strong></span> <span class='ocrx_word' id='word_1_217' title='bbox 400 3371 464 3439; x_wconf 77' lang='lat'><strong>(58).</strong></span> 
     </span>
    </p>

    <p class='ocr_par' dir='ltr' id='par_1_8' title="bbox 319 3468 1554 3627">
     <span class='ocr_line' id='line_1_27' title="bbox 391 3468 1554 3540; baseline 0.003 -19"><span class='ocrx_word' id='word_1_218' title='bbox 391 3480 433 3522; x_wconf 75' lang='lat' dir='ltr'>os.</span> <span class='ocrx_word' id='word_1_219' title='bbox 457 3470 602 3538; x_wconf 78' lang='lat' dir='ltr'>revocasse]</span> <span class='ocrx_word' id='word_1_220' title='bbox 621 3468 685 3535; x_wconf 81' lang='lat' dir='ltr'>„bis</span> <span class='ocrx_word' id='word_1_221' title='bbox 704 3468 784 3539; x_wconf 89' lang='lat' dir='ltr'>(noch</span> <span class='ocrx_word' id='word_1_222' title='bbox 803 3469 915 3537; x_wconf 82' lang='lat' dir='ltr'>einmal,</span> <span class='ocrx_word' id='word_1_223' title='bbox 934 3470 968 3524; x_wconf 90' lang='lat' dir='ltr'>da</span> <span class='ocrx_word' id='word_1_224' title='bbox 987 3471 1062 3537; x_wconf 85' lang='lat' dir='ltr'>capo)</span> <span class='ocrx_word' id='word_1_225' title='bbox 1081 3468 1239 3538; x_wconf 84' lang='lat' dir='ltr'>verlengen,</span> <span class='ocrx_word' id='word_1_226' title='bbox 1259 3470 1369 3523; x_wconf 81' lang='lat' dir='ltr'>ruien“.</span> <span class='ocrx_word' id='word_1_227' title='bbox 1389 3500 1423 3509; x_wconf 89' lang='lat'><em>-</em></span> <span class='ocrx_word' id='word_1_228' title='bbox 1441 3468 1554 3540; x_wconf 80' lang='lat' dir='ltr'>ecferat]</span> 
     </span>
     <span class='ocr_line' id='line_1_28' title="bbox 319 3555 980 3627; baseline 0.005 -19"><span class='ocrx_word' id='word_1_229' title='bbox 319 3555 586 3622; x_wconf 80' lang='lat' dir='ltr'>„iiberwitnde“.</span> <span class='ocrx_word' id='word_1_230' title='bbox 624 3557 764 3627; x_wconf 76' lang='lat' dir='ltr'>Euripides</span> <span class='ocrx_word' id='word_1_231' title='bbox 783 3558 892 3613; x_wconf 84' lang='lat' dir='ltr'>Orestes</span> <span class='ocrx_word' id='word_1_232' title='bbox 911 3559 980 3613; x_wconf 78' lang='lat' dir='ltr'>1ff.:</span> 
     </span>
    </p>
   </div>
   <div class='ocr_carea' id='block_1_7' title="bbox 442 3652 1438 3910">
    <p class='ocr_par' dir='ltr' id='par_1_9' title="bbox 442 3652 1438 3910">
     <span class='ocr_line' id='line_1_29' title="bbox 447 3652 1070 3719; baseline 0.002 -8"><span class='ocrx_word' id='word_1_233' title='bbox 447 3657 503 3711; x_wconf 80' lang='grc' dir='ltr'>Οὐκ</span> <span class='ocrx_word' id='word_1_234' title='bbox 521 3658 597 3711; x_wconf 80' lang='grc' dir='ltr'><strong><em>ἔστιν</em></strong></span> <span class='ocrx_word' id='word_1_235' title='bbox 615 3658 698 3711; x_wconf 74' lang='grc' dir='ltr'><em>οὐδὲν</em></span> <span class='ocrx_word' id='word_1_236' title='bbox 716 3658 809 3712; x_wconf 73' lang='grc' dir='ltr'><strong><em>δεινὸν</em></strong></span> <span class='ocrx_word' id='word_1_237' title='bbox 827 3652 878 3711; x_wconf 79' lang='grc' dir='ltr'>ὧδ’</span> <span class='ocrx_word' id='word_1_238' title='bbox 895 3662 984 3712; x_wconf 76' lang='grc' dir='ltr'><strong><em>εἰπεῖν</em></strong></span> <span class='ocrx_word' id='word_1_239' title='bbox 1003 3659 1070 3719; x_wconf 79' lang='grc' dir='ltr'>ἔπος</span> 
     </span>
     <span class='ocr_line' id='line_1_30' title="bbox 445 3745 1344 3820; baseline 0 -21"><span class='ocrx_word' id='word_1_240' title='bbox 445 3746 510 3800; x_wconf 79' lang='grc' dir='ltr'><em>οὐδὲ</em></span> <span class='ocrx_word' id='word_1_241' title='bbox 528 3750 621 3807; x_wconf 72' lang='grc' dir='ltr'><strong><em>πάθος</em></strong></span> <span class='ocrx_word' id='word_1_242' title='bbox 640 3748 706 3802; x_wconf 78' lang='grc' dir='ltr'><em>οὐδὲ</em></span> <span class='ocrx_word' id='word_1_243' title='bbox 726 3750 859 3820; x_wconf 82' lang='grc' dir='ltr'><em>συμφορὰ</em></span> <span class='ocrx_word' id='word_1_244' title='bbox 878 3750 1011 3814; x_wconf 71' lang='grc' dir='ltr'>θεήλατος</span> <span class='ocrx_word' id='word_1_245' title='bbox 1030 3745 1177 3813; x_wconf 74' lang='lat' dir='ltr'>(divinitus</span> <span class='ocrx_word' id='word_1_246' title='bbox 1194 3746 1344 3814; x_wconf 58' lang='lat' dir='ltr'>immotae),</span> 
     </span>
     <span class='ocr_line' id='line_1_31' title="bbox 442 3831 1438 3910; baseline -0.001 -21"><span class='ocrx_word' id='word_1_247' title='bbox 442 3831 474 3903; x_wconf 75' lang='grc' dir='ltr'>ἧς</span> <span class='ocrx_word' id='word_1_248' title='bbox 493 3837 541 3889; x_wconf 81' lang='grc' dir='ltr'>οὐκ</span> <span class='ocrx_word' id='word_1_249' title='bbox 559 3839 595 3889; x_wconf 73' lang='grc' dir='ltr'>ἂν</span> <span class='ocrx_word' id='word_1_250' title='bbox 613 3832 733 3910; x_wconf 71' lang='grc' dir='ltr'><strong><em>ἄραιτ’</em></strong></span> <span class='ocrx_word' id='word_1_251' title='bbox 754 3836 812 3905; x_wconf 85' lang='lat' dir='ltr'>(fiir</span> <span class='ocrx_word' id='word_1_252' title='bbox 829 3834 887 3889; x_wconf 86' lang='lat' dir='ltr'>sich</span> <span class='ocrx_word' id='word_1_253' title='bbox 905 3834 1049 3904; x_wconf 79' lang='lat' dir='ltr'>aufheben)</span> <span class='ocrx_word' id='word_1_254' title='bbox 1069 3841 1159 3907; x_wconf 71' lang='grc' dir='ltr'><em>ἄχθος</em></span> <span class='ocrx_word' id='word_1_255' title='bbox 1176 3838 1328 3908; x_wconf 71' lang='grc' dir='ltr'><strong><em>ἀνθρώπου</em></strong></span> <span class='ocrx_word' id='word_1_256' title='bbox 1347 3838 1438 3908; x_wconf 85' lang='grc' dir='ltr'><strong><em>φύσις.</em></strong></span> 
     </span>
    </p>
   </div>
   <div class='ocr_carea' id='block_1_8' title="bbox 316 3939 1557 4279">
    <p class='ocr_par' dir='ltr' id='par_1_10' title="bbox 316 3939 1557 4279">
     <span class='ocr_line' id='line_1_32' title="bbox 319 3939 1557 4011; baseline 0.002 -17"><span class='ocrx_word' id='word_1_257' title='bbox 319 3939 369 3994; x_wconf 91' lang='lat' dir='ltr'>Die</span> <span class='ocrx_word' id='word_1_258' title='bbox 387 3940 470 3995; x_wconf 83' lang='lat' dir='ltr'>Stella</span> <span class='ocrx_word' id='word_1_259' title='bbox 487 3941 524 3995; x_wconf 87' lang='lat' dir='ltr'>ist</span> <span class='ocrx_word' id='word_1_260' title='bbox 540 3941 616 3995; x_wconf 86' lang='lat' dir='ltr'>nicht</span> <span class='ocrx_word' id='word_1_261' title='bbox 634 3942 797 4011; x_wconf 73' lang='lat' dir='ltr'>sinngemtls</span> <span class='ocrx_word' id='word_1_262' title='bbox 814 3941 958 3996; x_wconf 84' lang='lat' dir='ltr'>iibersetzt.</span> <span class='ocrx_word' id='word_1_263' title='bbox 982 3973 1017 3982; x_wconf 97' lang='lat'>—</span> <span class='ocrx_word' id='word_1_264' title='bbox 1042 3942 1219 4011; x_wconf 65' lang='lat' dir='ltr'>enumeratae]</span> <span class='ocrx_word' id='word_1_265' title='bbox 1238 3942 1295 4009; x_wconf 85' lang='lat' dir='ltr'>ill,</span> <span class='ocrx_word' id='word_1_266' title='bbox 1315 3944 1363 3998; x_wconf 75' lang='lat'>73:</span> <span class='ocrx_word' id='word_1_267' title='bbox 1383 3940 1557 4011; x_wconf 85' lang='lat' dir='ltr'>„consolatio</span> 
     </span>
     <span class='ocr_line' id='line_1_33' title="bbox 380 4030 1556 4101; baseline 0.001 -16.951"><span class='ocrx_word' id='word_1_268' title='bbox 380 4031 491 4085; x_wconf 79' lang='lat' dir='ltr'>usitata:</span> <span class='ocrx_word' id='word_1_269' title='bbox 511 4031 584 4098; x_wconf 89' lang='lat' dir='ltr'>,Non</span> <span class='ocrx_word' id='word_1_270' title='bbox 599 4031 647 4085; x_wconf 91' lang='lat' dir='ltr'>tibi</span> <span class='ocrx_word' id='word_1_271' title='bbox 660 4030 711 4085; x_wconf 90' lang='lat' dir='ltr'>hoo</span> <span class='ocrx_word' id='word_1_272' title='bbox 729 4031 830 4095; x_wconf 81' lang='lat' dir='ltr'>soli“‘;</span> <span class='ocrx_word' id='word_1_273' title='bbox 849 4031 914 4086; x_wconf 93' lang='lat' dir='ltr'>Hor.</span> <span class='ocrx_word' id='word_1_274' title='bbox 929 4033 977 4085; x_wconf 83' lang='lat' dir='ltr'>sat.</span> <span class='ocrx_word' id='word_1_275' title='bbox 992 4031 1029 4099; x_wconf 91' lang='lat' dir='ltr'>H,</span> <span class='ocrx_word' id='word_1_276' title='bbox 1044 4033 1069 4098; x_wconf 88' lang='lat'>3,</span> <span class='ocrx_word' id='word_1_277' title='bbox 1089 4033 1123 4085; x_wconf 87' lang='grc'>41</span> <span class='ocrx_word' id='word_1_278' title='bbox 1130 4032 1166 4085; x_wconf 74' lang='lat' dir='ltr'>t:</span> <span class='ocrx_word' id='word_1_279' title='bbox 1187 4031 1259 4099; x_wconf 86' lang='lat' dir='ltr'>„hoc</span> <span class='ocrx_word' id='word_1_280' title='bbox 1277 4031 1300 4086; x_wconf 91' lang='lat' dir='ltr'>si</span> <span class='ocrx_word' id='word_1_281' title='bbox 1315 4031 1366 4085; x_wconf 88' lang='lat' dir='ltr'>erit</span> <span class='ocrx_word' id='word_1_282' title='bbox 1378 4031 1407 4084; x_wconf 90' lang='lat' dir='ltr'>in</span> <span class='ocrx_word' id='word_1_283' title='bbox 1420 4032 1447 4083; x_wconf 78' lang='lat' dir='ltr'>te</span> <span class='ocrx_word' id='word_1_284' title='bbox 1464 4031 1468 4099; x_wconf 92' lang='grc' dir='ltr'>Ι</span> <span class='ocrx_word' id='word_1_285' title='bbox 1485 4030 1556 4101; x_wconf 82' lang='lat' dir='ltr'>solo,</span> 
     </span>
     <span class='ocr_line' id='line_1_34' title="bbox 316 4118 1557 4189; baseline 0.004 -18"><span class='ocrx_word' id='word_1_286' title='bbox 316 4118 356 4171; x_wconf 92' lang='lat' dir='ltr'>nil</span> <span class='ocrx_word' id='word_1_287' title='bbox 374 4119 464 4187; x_wconf 87' lang='lat' dir='ltr'>verbi,</span> <span class='ocrx_word' id='word_1_288' title='bbox 489 4135 583 4189; x_wconf 84' lang='lat' dir='ltr'>percas</span> <span class='ocrx_word' id='word_1_289' title='bbox 601 4120 665 4189; x_wconf 91' lang='lat' dir='ltr'>quin</span> <span class='ocrx_word' id='word_1_290' title='bbox 683 4120 802 4187; x_wconf 79' lang='lat' dir='ltr'>fortiter,</span> <span class='ocrx_word' id='word_1_291' title='bbox 829 4121 953 4175; x_wconf 84' lang='lat' dir='ltr'>addam“.</span> <span class='ocrx_word' id='word_1_292' title='bbox 980 4150 1016 4160; x_wconf 92' lang='lat'><em>-</em></span> <span class='ocrx_word' id='word_1_293' title='bbox 1040 4120 1074 4173; x_wconf 78' lang='lat' dir='ltr'>icc</span> <span class='ocrx_word' id='word_1_294' title='bbox 1096 4120 1295 4174; x_wconf 76' lang='lat' dir='ltr'>Consolationis</span> <span class='ocrx_word' id='word_1_295' title='bbox 1313 4120 1393 4189; x_wconf 81' lang='lat' dir='ltr'>libro]</span> <span class='ocrx_word' id='word_1_296' title='bbox 1412 4120 1449 4172; x_wconf 92' lang='lat' dir='ltr'>im</span> <span class='ocrx_word' id='word_1_297' title='bbox 1468 4119 1557 4176; x_wconf 80' lang='lat' dir='ltr'>Jahre&#39;</span> 
     </span>
     <span class='ocr_line' id='line_1_35' title="bbox 318 4208 1208 4279; baseline 0.001 -17"><span class='ocrx_word' id='word_1_298' title='bbox 318 4209 353 4262; x_wconf 81' lang='lat'>45</span> <span class='ocrx_word' id='word_1_299' title='bbox 371 4225 396 4262; x_wconf 89' lang='lat' dir='ltr'>v.</span> <span class='ocrx_word' id='word_1_300' title='bbox 416 4208 479 4264; x_wconf 83' lang='lat' dir='ltr'>Chr.</span> <span class='ocrx_word' id='word_1_301' title='bbox 498 4208 567 4263; x_wconf 87' lang='lat' dir='ltr'>nach</span> <span class='ocrx_word' id='word_1_302' title='bbox 585 4209 647 4263; x_wconf 92' lang='lat' dir='ltr'>dem</span> <span class='ocrx_word' id='word_1_303' title='bbox 665 4210 735 4264; x_wconf 77' lang='lat' dir='ltr'>Tode</span> <span class='ocrx_word' id='word_1_304' title='bbox 753 4210 802 4263; x_wconf 90' lang='lat' dir='ltr'>der</span> <span class='ocrx_word' id='word_1_305' title='bbox 818 4208 918 4278; x_wconf 72' lang='lat' dir='ltr'>Tullia3</span> <span class='ocrx_word' id='word_1_306' title='bbox 937 4224 958 4263; x_wconf 90' lang='lat' dir='ltr'>s.</span> <span class='ocrx_word' id='word_1_307' title='bbox 978 4209 1029 4277; x_wconf 83' lang='lat'>111,</span> <span class='ocrx_word' id='word_1_308' title='bbox 1050 4210 1084 4264; x_wconf 73' lang='lat'>70</span> <span class='ocrx_word' id='word_1_309' title='bbox 1103 4209 1135 4279; x_wconf 81' lang='grc' dir='ltr'>(Ι,</span> <span class='ocrx_word' id='word_1_310' title='bbox 1155 4211 1208 4279; x_wconf 77' lang='grc'>65).</span> 
     </span>
    </p>
   </div>
   <div class='ocr_carea' id='block_1_9' title="bbox 316 4350 1559 4599">
    <p class='ocr_par' dir='ltr' id='par_1_11' title="bbox 316 4350 1559 4599">
     <span class='ocr_line' id='line_1_36' title="bbox 387 4350 1557 4421; baseline 0.001 -17"><span class='ocrx_word' id='word_1_311' title='bbox 387 4350 465 4419; x_wconf 79' lang='lat' dir='ltr'>Kap.</span> <span class='ocrx_word' id='word_1_312' title='bbox 486 4351 536 4407; x_wconf 81' lang='lat'>3⁰.</span> <span class='ocrx_word' id='word_1_313' title='bbox 575 4365 616 4407; x_wconf 74' lang='lat' dir='ltr'>cl.</span> <span class='ocrx_word' id='word_1_314' title='bbox 635 4351 807 4421; x_wconf 72' lang='lat' dir='ltr'>aegretudini</span> <span class='ocrx_word' id='word_1_315' title='bbox 884 4351 955 4406; x_wconf 78' lang='lat' dir='ltr'>satis</span> <span class='ocrx_word' id='word_1_316' title='bbox 974 4356 1012 4405; x_wconf 83' lang='lat' dir='ltr'>cst</span> <span class='ocrx_word' id='word_1_317' title='bbox 1030 4351 1211 4421; x_wconf 74' lang='lat' dir='ltr'>dispedutum]</span> <span class='ocrx_word' id='word_1_318' title='bbox 1225 4352 1286 4407; x_wconf 84' lang='lat' dir='ltr'>Von</span> <span class='ocrx_word' id='word_1_319' title='bbox 1304 4351 1357 4405; x_wconf 91' lang='lat' dir='ltr'>den</span> <span class='ocrx_word' id='word_1_320' title='bbox 1375 4350 1434 4405; x_wconf 87' lang='lat' dir='ltr'>vier</span> <span class='ocrx_word' id='word_1_321' title='bbox 1445 4350 1557 4421; x_wconf 86' lang='lat' dir='ltr'>Haupt·</span> 
     </span>
     <span class='ocr_line' id='line_1_37' title="bbox 317 4438 1557 4510; baseline 0.001 -17"><span class='ocrx_word' id='word_1_322' title='bbox 317 4438 437 4493; x_wconf 79' lang='lat' dir='ltr'>afleitan</span> <span class='ocrx_word' id='word_1_323' title='bbox 455 4439 491 4493; x_wconf 86' lang='lat' dir='ltr'>ist</span> <span class='ocrx_word' id='word_1_324' title='bbox 503 4440 547 4495; x_wconf 91' lang='lat' dir='ltr'>die</span> <span class='ocrx_word' id='word_1_325' title='bbox 566 4441 705 4510; x_wconf 74' lang='lat' dir='ltr'>aegritudo</span> <span class='ocrx_word' id='word_1_326' title='bbox 723 4441 773 4495; x_wconf 89' lang='lat' dir='ltr'>mit</span> <span class='ocrx_word' id='word_1_327' title='bbox 790 4442 840 4496; x_wconf 88' lang='lat' dir='ltr'>der</span> <span class='ocrx_word' id='word_1_328' title='bbox 857 4440 964 4495; x_wconf 80' lang='lat' dir='ltr'>curatio</span> <span class='ocrx_word' id='word_1_329' title='bbox 979 4440 1108 4509; x_wconf 79' lang='lat' dir='ltr'>(sonatio,</span> <span class='ocrx_word' id='word_1_330' title='bbox 1129 4441 1286 4508; x_wconf 75' lang='lat' dir='ltr'>consolatio)</span> <span class='ocrx_word' id='word_1_331' title='bbox 1300 4440 1338 4492; x_wconf 93' lang='lat' dir='ltr'>im</span> <span class='ocrx_word' id='word_1_332' title='bbox 1355 4442 1380 4495; x_wconf 85' lang='grc'>3.</span> <span class='ocrx_word' id='word_1_333' title='bbox 1395 4438 1489 4493; x_wconf 88' lang='lat' dir='ltr'>Buche</span> <span class='ocrx_word' id='word_1_334' title='bbox 1508 4456 1557 4494; x_wconf 88' lang='lat' dir='ltr'>er-</span> 
     </span>
     <span class='ocr_line' id='line_1_38' title="bbox 316 4527 1559 4599; baseline 0.003 -18"><span class='ocrx_word' id='word_1_335' title='bbox 316 4527 412 4597; x_wconf 78' lang='lat' dir='ltr'>ledigt3</span> <span class='ocrx_word' id='word_1_336' title='bbox 437 4528 476 4582; x_wconf 92' lang='lat' dir='ltr'>sie</span> <span class='ocrx_word' id='word_1_337' title='bbox 494 4528 561 4582; x_wconf 84' lang='lat' dir='ltr'>wird</span> <span class='ocrx_word' id='word_1_338' title='bbox 579 4529 638 4583; x_wconf 93' lang='lat' dir='ltr'>hier</span> <span class='ocrx_word' id='word_1_339' title='bbox 655 4546 707 4583; x_wconf 93' lang='lat' dir='ltr'>nur</span> <span class='ocrx_word' id='word_1_340' title='bbox 725 4531 796 4584; x_wconf 90' lang='lat' dir='ltr'>noch</span> <span class='ocrx_word' id='word_1_341' title='bbox 819 4530 917 4585; x_wconf 87' lang='lat' dir='ltr'>einmal</span> <span class='ocrx_word' id='word_1_342' title='bbox 942 4530 971 4583; x_wconf 91' lang='lat' dir='ltr'>in</span> <span class='ocrx_word' id='word_1_343' title='bbox 989 4530 1161 4598; x_wconf 83' lang='lat' dir='ltr'>Erinnerung</span> <span class='ocrx_word' id='word_1_344' title='bbox 1178 4530 1306 4599; x_wconf 70' lang='lat' dir='ltr'>gemtem</span> <span class='ocrx_word' id='word_1_345' title='bbox 1331 4530 1403 4584; x_wconf 84' lang='lat' dir='ltr'>dann</span> <span class='ocrx_word' id='word_1_346' title='bbox 1420 4527 1490 4598; x_wconf 81' lang='lat' dir='ltr'>folgt</span> <span class='ocrx_word' id='word_1_347' title='bbox 1507 4530 1559 4586; x_wconf 86' lang='lat' dir='ltr'>dic</span> 
     </span>
    </p>
   </div>
   <div class='ocr_carea' id='block_1_10' title="bbox 0 0 1826 5225">
    <p class='ocr_par' dir='ltr' id='par_1_12' title="bbox 0 0 1826 5225">
     <span class='ocr_line' id='line_1_39' title="bbox 0 0 1826 5225; baseline 0 1"><span class='ocrx_word' id='word_1_348' title='bbox 0 0 1826 5225; x_wconf 95' lang='lat' dir='ltr'> </span> 
     </span>
    </p>
   </div>
  </div>
 </body>
</html>
