3642 5225
312 499 349 560 td
710 499 921 554 Tusculanarum
938 497 1145 567 disputationum

312 663 422 738 malis;
446 663 492 727 ita
515 681 584 727 esse
609 664 770 744 quattuor,
794 661 936 726 exbeuis
959 660 1179 726 libidinem
1202 663 1236 725 et
1258 660 1484 738 laetitiam,
1508 663 1549 725 ut

314 769 356 834 sit
378 769 501 834 laetitia
523 769 740 853 praesentium
762 769 926 845 bonorum,
949 768 1047 832 libide
1072 766 1263 845 futurorum,
1286 786 1324 832 ex
1347 768 1440 832 malis
1463 787 1548 832 me-

312 878 398 941 tum
426 878 460 940 et
483 875 788 957 aegritudinem
810 875 899 940 nasei
923 876 1067 952 censent,
1096 878 1220 939 metum
1243 874 1374 953 futuris,
1404 875 1548 957 aegritu·

313 983 420 1048 dinem
443 983 680 1065 praesentibns;
710 1000 792 1065 quae
816 982 902 1047 enim
925 981 1087 1046 venientia
1110 984 1314 1059 metuuntur,
1345 981 1457 1046 eadem
1488 982 1547 1046 ad·

270 1089 424 1155 reficiunt
447 1088 644 1172 aegritudine
667 1089 831 1153 instantia.
867 1088 1008 1153 Laet’tia
1031 1089 1141 1152 autem
1164 1090 1197 1152 et
1219 1088 1315 1152 libido
1338 1087 1547 1153 inhonorum

311 1197 456 1281 opinione
480 1198 657 1273 versantur,
681 1216 755 1261 eum
777 1196 873 1260 libido
897 1195 939 1260 ad
962 1196 1003 1273 id,
1027 1195 1109 1277 quod
1126 1195 1253 1260 videtur
1275 1196 1402 1272 bonum,
1423 1195 1545 1259 inleeta

311 1306 345 1369 et
366 1303 567 1368 inflammata
590 1303 742 1386 rapiatur,
765 1303 888 1368 laetitia
910 1303 949 1366 ut
974 1302 1090 1385 adepta
1112 1303 1177 1366 iam
1201 1301 1322 1384 aliquid
1337 1303 1545 1385 eoueupitum

311 1409 462 1476 efferatur
484 1412 519 1475 et
542 1410 667 1493 gestiat.
713 1408 838 1474 Natura
861 1409 948 1474 enim
971 1427 1080 1473 omnes
1104 1427 1150 1486 ea,
1175 1427 1256 1490 quae
1279 1409 1361 1472 bona
1384 1408 1543 1485 videntur,

311 1520 490 1601 sequuntur
523 1517 714 1600 fugiuntque
749 1516 915 1581 eontraria.
969 1515 1074 1595 Quam
1110 1516 1148 1579 ob
1183 1535 1252 1580 rem
1289 1516 1385 1580 simul
1419 1515 1543 1580 obieeta

310 1625 430 1709 speeies
454 1627 504 1690 est
527 1624 722 1707 cuiuspiam,
747 1623 831 1705 quod
853 1622 974 1687 bouum
997 1622 1158 1700 videatur,
1183 1623 1223 1687 ad
1245 1623 1277 1686 id
1301 1622 1543 1706 adipiscendum

309 1732 446 1815 impellit
475 1732 544 1814 ipsa
573 1733 698 1796 natura.
742 1731 781 1795 Id
809 1749 883 1794 eum
907 1732 1092 1795 eoustanter
1114 1729 1349 1813 prudenterque
1377 1729 1427 1804 fit,
1458 1729 1542 1794 eius-

309 1838 396 1903 modi
419 1838 646 1921 appetitionem
670 1837 768 1903 Stoici
790 1836 944 1925 βούλησιν
968 1838 1146 1920 appellant,
1173 1855 1231 1901 nos
1255 1837 1451 1919 appellemus
1475 1855 1541 1900 vu-

308 1946 523 2010 luntatem.
563 1946 645 2010 llam
668 1945 716 2009 illi
737 1947 854 2029 putant
876 1946 909 2008 in
934 1944 1000 2009 solo
1026 1963 1095 2008 esse
1119 1943 1271 2027 sapiente,
1295 1962 1392 2025 quam
1415 1944 1461 2008 sie
1485 1944 1542 2008 de-

308 2051 440 2118 finiunt:
475 2054 623 2117 voluntas
654 2054 719 2130 est,
755 2071 836 2134 quae
868 2051 945 2134 qnid
975 2071 1049 2116 eum
1077 2051 1200 2115 ratione
1231 2050 1398 2115 desiderat.
1449 2048 1540 2128 Quae

309 2162 417 2242 autem
441 2181 463 2224 α
484 2161 606 2225 ratione
631 2179 743 2225 aversa
764 2160 897 2224 ineitate
921 2161 971 2224 est
990 2159 1220 2235 vehementius,
1243 2176 1280 2221 ea
1302 2157 1399 2222 libido
1423 2160 1472 2221 est
1488 2158 1540 2222 vel

266 2267 465 2350 reeupiditas
493 2266 662 2345 effrenata,
693 2286 774 2349 quae
801 2268 836 2330 in
864 2267 1011 2331 omnibus
1041 2266 1149 2331 stultis
1176 2265 1344 2330 invenitur.
1390 2264 1539 2347 Itemque

308 2393 382 2438 eum
397 2375 444 2438 ita
467 2392 641 2453 movemur,
664 2374 749 2438 utin
765 2375 846 2438 beno
870 2374 971 2438 simus
996 2374 1111 2455 aliquo,
1135 2372 1303 2455 dupliciter
1324 2373 1358 2436 id
1373 2372 1538 2454 contingit

308 2480 392 2546 Nam
414 2500 489 2546 eum
511 2482 633 2546 ratione
658 2481 784 2545 animus
806 2482 954 2545 movetur
976 2480 1100 2563 pleeide
1124 2482 1221 2562 atque
1244 2481 1443 2557 eonstanter,
1466 2482 1538 2543 tum

306 2588 387 2653 illud
416 2589 610 2671 gaudium
640 2589 772 2665 dieitur;
807 2608 881 2654 eum
912 2591 1021 2653 autem
1051 2587 1190 2652 inaniter
1219 2589 1252 2652 et
1282 2585 1379 2652 effuse
1411 2587 1538 2652 animus

308 2697 461 2773 exsultat,
492 2700 563 2760 tum
591 2697 648 2760 illa
678 2696 850 2760 laetitia
880 2696 1066 2778 gestiens
1097 2696 1147 2760 vel
1176 2695 1302 2759 nimia
1331 2695 1391 2759 diei
1420 2697 1537 2778 potest,

308 2821 405 2883 quam
431 2802 478 2867 ita
505 2802 677 2867 definiunt:
708 2803 774 2867 sine
803 2803 927 2867 ratione
956 2803 1052 2866 animi
1082 2802 1259 2867 elationem.
1306 2800 1537 2883 Quoniamque,

306 3014 372 3067 zwei
391 3014 589 3084 (praenestinam
613 3014 735 3069 schlielst
752 3014 799 3068 das
824 3014 980 3083 gewordene
999 3013 1186 3068 Zustdndliehe
1205 3013 1259 3081 ein)
1278 3012 1536 3082 Zeitvnmtellungen

306 3104 456 3173 entspm‘ngt
473 3104 515 3158 die
534 3103 658 3158 einfaehe
676 3103 838 3172 Einteilung.
863 3134 898 3143 -
925 3105 1036 3173 mum]
1056 3104 1116 3157 Vun
1134 3102 1304 3171 Aristoteles,
1330 3103 1398 3158 rhet.
1418 3103 1499 3171 11,5‚
1520 3105 1535 3158 1

304 3193 372 3247 wird
392 3198 478 3267 φόβος
496 3194 623 3248 definiert
640 3193 680 3247 als
698 3198 771 3261 λύπη
790 3216 831 3257 τις
844 3199 860 3261 ἢ
875 3196 981 3268 ταραχὴ
999 3192 1185 3263 (perturbatio)
1204 3196 1233 3249 ἐκ
1246 3200 1404 3266 φαντασίας
1419 3197 1536 3266 μέλλον·

306 3304 353 3345 τος
380 3296 465 3339 κακοῦ
492 3289 508 3351 ἢ
536 3291 694 3358 φθαρτικοῦ
720 3282 918 3353 (remichtend)
946 3288 962 3351 ἢ
989 3289 1118 3356 λυπηροῦ.
1147 3314 1181 3322 -
1214 3281 1362 3352 imiamins]
1391 3284 1534 3347 ἐνεστῶτα,

305 3371 536 3441 ,,ςθςθααᾶτῒίς“.

379 3472 418 3514 12.
437 3460 577 3530 rapiatur]
595 3460 662 3530 rapi
679 3486 714 3505 =
734 3467 877 3537 pependere,
896 3460 974 3528 ferri.
995 3492 1029 3500 -
1047 3466 1078 3515 ed
1096 3461 1201 3530 aelepta]
1222 3460 1273 3530 „in
1291 3461 1340 3514 der
1352 3459 1536 3528 Anseheuung

304 3548 343 3619 (in
366 3549 428 3602 dem
447 3549 556 3617 Gefiihl)
580 3548 684 3618 erlangt
708 3566 741 3603 zu
764 3549 883 3603 haben“.
912 3582 946 3590 —
971 3549 1080 3620 gestiat]
1106 3550 1294 3619 ‚‚ir0hloekt“.
1323 3582 1357 3590 —
1384 3555 1536 3619 sequuntur

302 3637 475 3707 fugiuntque]
494 3637 635 3706 Begehren
658 3639 712 3692 und
731 3638 857 3693 Abscheu
880 3638 939 3693 sind
958 3640 1001 3693 die
1021 3640 1229 3707 Gruudefielrte3
1257 3640 1310 3709 vgl.
1330 3640 1399 3693 oben
1417 3640 1461 3693 die
1480 3640 1536 3693 De·

303 3726 411 3780 finition
429 3727 477 3780 des
495 3727 603 3781 Affelrts
621 3745 674 3782 ven
692 3728 771 3782 Kunt
791 3760 825 3768 —
844 3729 996 3799 contrariu]
1016 3730 1115 3799 H'dufig
1132 3729 1198 3783 wird
1216 3729 1267 3784 wie
1286 3730 1323 3781 im
1342 3728 1535 3783 Guieehisehen

305 3833 339 3870 en
357 3815 440 3871 Stelle
463 3817 512 3870 der
537 3818 804 3886 entgegengesetzten
828 3819 948 3888 Begrifie
972 3819 1081 3873 einfach
1104 3822 1196 3888 gesagt
1219 3819 1289 3887 „das
1309 3817 1478 3887 Gegenteil“.
1499 3850 1533 3858 -

300 3904 414 3975 speeies]
433 3923 468 3959 zu
484 3905 587 3975 speeie:
607 3906 750 3974 „Aublielq
769 3907 985 3977 Erscheinnng“.
1011 3940 1045 3948 —
1070 3913 1199 3978 βούλησις
1277 3908 1311 3961 in
1328 3908 1459 3977 sapiente]
1480 3908 1533 3963 Ob-

303 3994 373 4048 wohl
391 3994 434 4048 die
452 3994 557 4049 Steilrer
574 3995 625 4049 alle
644 4001 724 4063 πάθη
748 3996 795 4050 fiir
812 3997 1036 4066 vemnuitwidrig
1060 3997 1160 4051 erkl'airt
1181 3997 1287 4066 hatten,
1314 3998 1414 4051 landen
1439 3998 1478 4052 sie
1504 4013 1534 4052 es

303 4083 372 4137 doeh
385 4084 433 4136 fiir
444 4086 500 4153 gut,
515 4084 593 4155 (drei)
607 4084 666 4138 edle
679 4085 913 4153 Ieideusehafteu‚
929 4085 1096 4140 lidelafielrte
1111 4088 1288 4156 (εὐπάθειαι),
1302 4092 1375 4161 μετὰ
1390 4091 1475 4159 λόγου
1490 4128 1532 4140 ...

301 4189 367 4225 eum
384 4173 498 4238 ratione,
518 4173 695 4227 aufzustellen
713 4175 769 4227 und
785 4176 846 4229 dem
860 4175 972 4230 Weisen
991 4193 1026 4229 zu
1044 4175 1225 4231 reserviereu:
1244 4182 1380 4245 βούλησις,
1399 4177 1531 4244 noluntas,

303 4260 626 4332 Wollung(versehieden
635 4280 686 4317 von
696 4264 799 4333 libido),
810 4270 894 4337 χαρά,
907 4265 1051 4333 gaudium,
1062 4264 1166 4319 Frende
1173 4266 1357 4334 (verschieden
1364 4282 1417 4319 von
1427 4268 1532 4335 ἡδονή),

302 4350 418 4418 melia,
437 4351 601 4406 Fruhloeken
619 4354 675 4407 und
694 4357 827 4423 εὐλάβεια,
846 4354 945 4421 eandm,
965 4353 1099 4422 Versieht,
1118 4355 1293 4409 verschieden
1311 4372 1364 4409 vnn
1382 4355 1491 4409 Fureht.

378 4452 417 4494 re.
435 4440 589 4511 autemeam]
615 4441 817 4512 Physiologiseh
842 4443 967 4498 lemmen
985 4443 1028 4498 die
1047 4444 1157 4499 Afielrte
1181 4443 1357 4499 verschieden
1380 4460 1442 4498 zum
1461 4448 1532 4499 Aus-

300 4527 399 4597 druelr3
424 4528 468 4583 die
486 4528 681 4599 Sehlagwdrter
699 4548 748 4585 zur
765 4532 956 4602 Bezeiebnung
973 4533 1047 4587 ihrer
1064 4532 1210 4587 Sonderurt
1226 4534 1340 4589 staudeu
1358 4533 1428 4587 wohl
1446 4534 1534 4589 sehon
