3642 5225
291 541 343 602 llo
686 542 895 598 Tusculanarum
913 542 1119 612 disputationum

292 707 501 789 quaesivisse,
533 706 663 788 quinam
694 707 802 770 essent
830 705 1010 789 philosophi
1040 705 1178 787 etquid
1206 705 1367 770 intereos
1391 688 1529 770 etreliss

266 832 371 895 squas
400 813 585 887 interessem
614 813 830 896 Pythagoram
860 814 969 877 autern
991 812 1191 895 respondisse
1222 812 1359 876 similem
1390 813 1451 878 sibi
1474 813 1527 877 vi·
1642 776 1645 803 Ι

291 920 358 984 deri
381 921 481 985 vitam
509 920 675 984 hominum
705 922 739 984 et
767 921 945 984 mercatum
969 937 1058 996 eum,
1094 919 1149 1001 qui
1177 919 1352 983 haberetur
1380 920 1525 983 maximo
1643 943 1645 956 ⁴

290 1026 439 1091 ludorum
463 1029 619 1110 apparatu
649 1027 749 1091 totius
774 1025 926 1092 Graeciae
957 1026 1160 1101 celebritate;
1193 1044 1270 1090 nam
1301 1027 1339 1090 ut
1368 1026 1434 1091 illie
1463 1026 1523 1090 alii

291 1134 471 1218 corporibus
495 1134 676 1198 exercitatis
699 1134 833 1216 gloriam
856 1136 890 1199 et
912 1133 1112 1198 nobilitatem
1129 1151 1261 1198 coronae
1284 1135 1440 1217 peterent,
1464 1134 1523 1197 alii

291 1242 417 1306 emendi
446 1244 504 1306 aut
533 1241 689 1306 vendendi
720 1244 857 1324 quaestu
887 1243 922 1306 et
943 1241 1032 1305 lucro
1056 1241 1264 1318 ducerentur,
1295 1241 1380 1304 esset
1410 1243 1529 1305 autern
1641 1262 1645 1331 ;

292 1348 453 1430 quoddam
483 1366 584 1431 genus
615 1367 726 1412 eorum
759 1348 855 1431 idque
889 1348 941 1412 vel
974 1348 1111 1412 maxime
1146 1348 1337 1429 ingenuum,
1373 1348 1428 1429 qui
1460 1366 1529 1412 nec·

290 1456 441 1538 plausum
470 1474 529 1520 nec
551 1456 678 1520 lucrum
701 1457 907 1537 quaererent,
938 1455 994 1519 sed
1016 1454 1139 1519 visendi
1163 1473 1260 1519 causa
1282 1455 1427 1519 venirent
1450 1457 1528 1518 stu·

292 1562 441 1644 dicesque
464 1563 688 1646 perspicerent,
712 1562 789 1644 quid
813 1564 962 1644 ageretur
985 1564 1018 1626 et
1041 1581 1103 1644 quo
1126 1561 1228 1639 modo,
1250 1561 1329 1626 item
1352 1581 1409 1626 nos
1426 1563 1525 1644 quasi

291 1669 325 1732 in
347 1672 508 1734 mercatus
533 1669 694 1751 quandam
717 1669 935 1734 celebritatem
959 1688 997 1733 ex
1019 1670 1096 1734 urbe
1121 1669 1229 1751 aliqua
1252 1669 1298 1733 sic
1320 1669 1353 1732 in
1375 1669 1460 1733 hane
1475 1669 1530 1733 vi·

291 1781 360 1840 tarn
384 1794 421 1840 ex
445 1776 508 1839 alia
529 1777 597 1840 vita
627 1779 660 1841 et
681 1778 799 1840 natura
826 1775 983 1860 profectos
1013 1777 1091 1841 alios
1122 1776 1240 1859 gloriae
1271 1777 1405 1853 servire,
1440 1776 1530 1840 alios

292 1884 461 1966 pecuniae;
482 1901 570 1947 raros
587 1902 656 1948 esse
673 1883 837 1965 quosdam,
854 1884 910 1965 qui
925 1884 1039 1948 ceteris
1055 1883 1201 1948 omnibus
1216 1902 1273 1966 pro
1288 1882 1387 1947 nihilo
1402 1882 1528 1948 habitis

293 2009 401 2055 rerum
424 1992 574 2055 naturam
597 1990 738 2055 studiose
761 1991 979 2066 intuerentur3
1010 1991 1068 2055 hos
1099 2009 1133 2055 se
1162 1990 1322 2073 appellare
1345 1988 1532 2074 sapientiae

294 2098 453 2163 studiosos
477 2098 521 2182 (id
538 2099 588 2163 est
603 2098 689 2162 enim
703 2098 934 2182 philosophos);
958 2100 992 2163 et
1014 2099 1052 2162 ut
1073 2098 1139 2163 illio
1161 2097 1422 2163 liberalissimum
1437 2100 1534 2162 esset

294 2208 438 2288 spectare
461 2205 542 2268 nihil
565 2207 625 2270 sihi
648 2207 880 2287 acquirentem,
904 2207 950 2270 sic
973 2207 1006 2269 in
1029 2206 1096 2271 vita
1119 2206 1212 2288 longe
1236 2205 1382 2269 omnibus
1405 2204 1533 2269 studiis
1643 2259 1645 2265 Α

295 2313 596 2394 contemplationem
618 2331 726 2377 rerum
750 2313 1025 2395 cognitionemque
1048 2315 1220 2395 praestare.

294 2524 371 2578 nicht
387 2524 528 2591 Weisheit,
546 2524 662 2577 sondern
680 2523 768 2578 strebe
786 2524 856 2578 nach
875 2523 1045 2592 Weisheit“;
1066 2527 1201 2598 σοφιστής
1218 2523 1253 2577 ist
1272 2521 1461 2592 urspninglich
1480 2521 1531 2576 ein
1644 2536 1645 2541 ¹

294 2614 376 2668 Mann
400 2615 448 2668 der
465 2614 610 2681 Weisheit,
635 2614 708 2667 daun
730 2614 774 2669 ein
792 2614 894 2669 Iehrer
917 2614 966 2667 der
983 2614 1130 2682 Weisheit,
1155 2613 1295 2668 weiterhin
1318 2613 1362 2668 ein
1386 2611 1532 2667 hezahltsr

295 2703 397 2757 Lehrer
415 2704 463 2756 der
480 2702 623 2770 Rhetorih3
648 2703 690 2757 die
708 2703 894 2773 Belimpiung
916 2704 965 2757 der
982 2702 1123 2772 Sophisten
1141 2702 1226 2757 durch
1243 2702 1366 2757 Sokrates
1390 2702 1439 2757 hat
1462 2702 1528 2757 dem

295 2792 375 2847 Wort
392 2793 445 2846 den
463 2792 589 2861 heutigen
607 2791 803 2861 Nehenhegriif
820 2793 868 2847 des
886 2792 1084 2847 Scheinweisen
1101 2792 1220 2862 gegeben
1238 2793 1292 2845 und
1309 2792 1363 2846 den
1380 2791 1461 2845 Wert
1478 2791 1534 2846 dea·

296 2886 450 2956 quietusque
467 2881 596 2950 gehoben.

369 2985 392 3025 s.
416 2970 546 3025 Graeciae
563 2970 721 3040 celebratata]
741 2972 865 3039 „starker
878 2971 993 3039 Besuch,
1012 2971 1131 3025 lebhaite
1144 2970 1314 3040 Beteiligung
1327 2986 1380 3025 von
1394 2970 1439 3025 Gr.
1458 2973 1535 3039 ...“‚.

296 3086 331 3107 =
349 3061 466 3115 &aena
483 3061 673 3130 frequentante,
693 3060 844 3127 noeane,
863 3062 1026 3129 contiueat&
1045 3063 1120 3115 sonst
1137 3060 1203 3115 wird
1217 3060 1355 3115 eckbritm
1372 3060 1442 3114 auch
1459 3076 1534 3129 geru

297 3149 366 3205 lohal
384 3151 530 3220 gebrauoht
552 3150 602 3203 wie
624 3150 731 3204 rasari
747 3150 781 3203 in
798 3150 946 3205 seleheim
965 3152 1010 3219 (=
1030 3151 1099 3219 luce)
1117 3150 1210 3204 Assae.
1247 3150 1298 3204 Die
1316 3150 1529 3205 Festversamm-

297 3240 403 3309 lungen,
424 3245 596 3314 πανηγύρεις,
616 3256 649 3293 zu
664 3239 795 3307 Olympia,
814 3239 913 3309 Delphi
931 3240 986 3294 und
1004 3256 1036 3293 au
1052 3240 1170 3293 anderen
1184 3239 1268 3294 Orien
1286 3239 1345 3294 sind
1363 3237 1473 3307 wiehtig
1490 3237 1532 3291 im

297 3328 450 3383 nationalen
468 3330 558 3383 Leben
582 3329 631 3382 der
649 3328 789 3382 Griechen.
813 3360 847 3368 -
872 3328 1042 3383 mbildalern
1063 3330 1187 3398 monae]
1213 3328 1319 3382 Genitiv
1344 3328 1392 3382 des
1414 3326 1535 3396 Inhalts,

297 3418 348 3471 wie
367 3418 431 3471 Hor.
451 3434 531 3472 cerm.
550 3417 573 3486 I,
593 3421 617 3487 1,
636 3421 684 3473 29:
710 3418 776 3486 „lde
799 3418 936 3472 doctarum
960 3418 1075 3472 hederae
1093 3418 1183 3488 (dieu)
1202 3417 1320 3487 praemia
1337 3415 1468 3470 frontium
1487 3416 1537 3471 dis·

297 3506 412 3559 miscent
430 3506 564 3575 superis“,
584 3507 654 3575 „des
672 3508 792 3561 Kranzes
806 3507 894 3561 Ruhm
913 3508 969 3561 und
984 3507 1097 3561 Glanz“.
1117 3539 1152 3548 -
1170 3508 1245 3561 lucro
1263 3507 1433 3577 dnoerenlw]
1451 3506 1532 3561 haara

298 3596 435 3649 ducuntur
453 3622 487 3641 =
505 3602 655 3665 sequnntur
672 3597 788 3650 lacrum.
807 3627 842 3636 —
867 3614 899 3651 ea
921 3597 982 3651 alca
1003 3597 1061 3651 aila
1082 3602 1107 3651 et
1129 3598 1243 3666 antara]
1268 3595 1346 3651 Nauh
1363 3595 1539 3665 Pythagoraa

299 3684 364 3754 (und
382 3684 468 3752 Plato)
485 3685 573 3739 haben
591 3685 633 3739 die
652 3685 748 3740 Seelen
766 3686 826 3739 eine
844 3686 1018 3740 Prtexistenz
1037 3686 1147 3756 (Dasein
1165 3702 1215 3740 vor
1232 3686 1281 3739 der
1296 3684 1399 3740 Gebnrt
1416 3685 1466 3752 der
1483 3685 1532 3739 In-

299 3773 443 3843 dividuen),
461 3775 490 3827 in
508 3775 556 3827 der
573 3774 656 3828 ihnen
674 3774 763 3828 nichts
776 3774 911 3829 Irdisches
929 3776 1001 3843 (alra
1017 3778 1133 3844 amara)
1152 3775 1281 3830 anhaftet.
1299 3806 1333 3815 —
1350 3773 1456 3843 plamae
1473 3790 1533 3827 sar·-

298 3862 367 3933 aire]
385 3864 435 3917 wie
451 3864 544 3933 pluria
560 3863 632 3928 daei,
648 3864 769 3933 thraarn
786 3865 879 3933 aeqni;
898 3865 998 3919 servire
1012 3864 1090 3919 decre
1103 3864 1161 3919 sich
1173 3865 1232 3918 hier
1245 3862 1379 3917 natirlich
1391 3861 1469 3915 nicht
1482 3862 1539 3916 mit

299 3954 360 4007 dem
378 3952 532 4006 Deutschen
552 3952 700 4021 „dienen“,
723 3954 841 4022 sowenig
858 3954 909 4007 wie
927 3954 955 4006 in
973 3954 1160 4023 „temporibus
1177 3952 1307 4007 smrire‘t
1333 3982 1368 3992 -
1392 3951 1470 4006 nanu

299 4042 493 4111 acquirentem]
508 4041 599 4108 „ohne
613 4042 672 4096 dass
685 4059 760 4096 man
774 4044 821 4095 iiir
834 4043 891 4097 sich
905 4045 988 4097 etwas
1002 4042 1144 4111 erwirht“;
1164 4043 1208 4097 ein
1221 4042 1365 4111 passandes
1377 4039 1535 4096 Pronomhn

300 4148 334 4184 zu
357 4131 417 4184 dem
437 4130 583 4184 Akhusativ
606 4130 634 4183 in
659 4131 747 4185 dieser
764 4131 957 4186 Konstmhtien
982 4132 1029 4186 hat
1051 4132 1142 4185 weder
1166 4133 1215 4186 der
1238 4132 1364 4185 Iateiner
1387 4129 1460 4184 noch
1483 4130 1536 4185 der

301 4219 423 4273 Grieohe.
443 4251 475 4259 -
502 4219 752 4287 contemplationem
770 4221 872 4290 rernm]
897 4220 1214 4295 praerectissima
1236 4219 1322 4289 billigt
1344 4221 1419 4274 sonat
1437 4217 1542 4275 cicere

300 4307 389 4375 nicht,
407 4308 441 4362 de
455 4324 492 4363 or.
508 4308 558 4376 ΙΙΙ,
573 4310 622 4364 56:
642 4308 764 4377 „Eadem
778 4312 867 4363 autem
882 4309 927 4363 alii
940 4309 1088 4378 prudentia,
1108 4310 1155 4364 sed
1174 4308 1284 4364 consilio
1302 4309 1335 4364 ad
1353 4308 1424 4363 vitae
1442 4308 1542 4365 stadia

301 4395 399 4463 dispari
418 4397 535 4465 quietem
553 4400 632 4467 atque
651 4398 734 4452 otium
753 4398 850 4467 secuti,
873 4401 904 4452 ut
922 4399 1100 4468 Pythagoras,
1123 4399 1305 4467 Democritus,
1324 4385 1501 4468 Anaxagoras
1520 4414 1541 4453 a

1409 4839 1431 4874 ἢ

302 4485 425 4552 regendis
450 4486 601 4540 civitatibus
626 4490 695 4542 totos
719 4503 749 4541 se
774 4488 806 4541 ad
832 4488 1009 4557 cognitionem
1034 4505 1124 4542 rerum
1148 4488 1356 4556 transtulerunt3
1382 4504 1453 4558 qnae
1478 4488 1546 4544 vita
1644 4479 1645 4504 ³

302 4575 411 4641 propter
429 4573 647 4643 tranquillitatem
670 4579 698 4630 et
719 4579 827 4646 propter
849 4577 933 4645 ipsius
951 4578 1078 4632 scientiae
1096 4578 1255 4633 suavitatem
1275 4618 1322 4632 ...
1341 4576 1433 4646 pluras
1453 4593 1543 4647 quam
