3642 5225
584 1237 643 1321 M.
668 1234 866 1318 TULLII
888 1232 1188 1318 CICERONIS

307 1379 869 1480 TUSCULANARUM
896 1377 1469 1477 DISPUTATIONUM

756 1533 814 1593 AD
837 1531 1016 1594 BRUTUM

706 1677 846 1743 LIBER
867 1675 1066 1744 TERTIUS

465 1823 543 1906 DE
565 1822 967 1907 AEGRITUDINE
990 1821 1305 1905 LENIENDA.

686 2121 1087 2190 ARGUMENTUM.

359 2235 544 2295 Prooemium
559 2236 646 2294 huius
661 2235 730 2293 libri
752 2235 783 2293 in
797 2235 936 2294 laudibus
951 2234 1155 2309 philosophiae
1171 2237 1311 2307 versatur,
1335 2252 1409 2308 quae
1433 2252 1500 2293 cunr

271 2324 415 2384 medicina
438 2324 527 2383 animi
550 2324 588 2383 sit
612 2341 702 2397 eaque
725 2324 757 2382 in
780 2326 924 2398 potestate
948 2326 1060 2396 nostra,
1091 2324 1221 2398 queritur
1243 2323 1366 2381 multum
1394 2325 1423 2382 11
1445 2324 1500 2383 ho-

271 2413 350 2473 noris
372 2413 476 2472 haberi
503 2416 533 2472 et
554 2413 693 2489 temporis
715 2413 806 2472 tribui
832 2413 993 2472 medicinae
1022 2413 1165 2487 corporis,
1194 2412 1275 2471 1111111
1302 2413 1398 2471 autem
1429 2429 1499 2472 con-

271 2503 362 2561 temni
386 2505 415 2561 et
437 2503 555 2577 neglegi
570 2505 646 2578 (cap.
664 2504 772 2576 1—3).
810 2502 955 2576 Deinceps
978 2502 1011 2561 id
1026 2503 1132 2577 agitur,
1155 2504 1189 2561 ut
1204 2500 1415 2576 aegritudinem
1439 2519 1499 2561 nou

272 2592 374 2652 cadere
396 2592 428 2651 iu
452 2591 612 2667 sapientem
636 2592 856 2652 demonstretur.
897 2591 1129 2651 Praemittuntur
1152 2593 1323 2667 argumenta
1337 2590 1446 2651 leviora
1470 2594 1501 2649 et

271 2681 400 2740 auerbis
416 2681 585 2741 Latinorum
601 2682 696 2754 ducta,
720 2682 770 2755 qui
794 2699 906 2742 omnem
931 2681 1019 2740 animi
1035 2682 1228 2741 adfectionem
1251 2681 1372 2740 rationis
1388 2681 1498 2739 lumine

271 2772 416 2829 carentem
430 2770 583 2843 insaniam,
606 2770 770 2842 amentiam,
794 2771 968 2829 dementiam
992 2771 1140 2845 appellent
1155 2772 1242 2843 atque
1266 2787 1283 2827 a
1306 2771 1437 2843 sapiente
1453 2787 1498 2829 re-

270 2863 405 2918 moveant
428 2861 503 2934 (cap.
527 2866 563 2932 4,
587 2862 628 2935 5).
675 2860 843 2933 Sequuntur
866 2860 971 2919 deinde
995 2861 1165 2934 argumenta
1188 2858 1349 2917 Stoicorum
1371 2858 1502 2917 breviter

271 2948 411 3007 adstricta
433 2950 508 3023 (cap.
534 2950 642 3024 6-9).
688 2948 800 3018 Quibus
829 2949 967 3024 expositis
994 2965 1047 3007 suo
1071 2964 1149 3007 more
1173 2946 1267 3005 fusius
1290 2946 1439 3020 aliquanto
1464 2965 1499 3007 ac

269 3036 359 3097 latius
387 3037 466 3097 dicit
511 3038 677 3097 Probautur
698 3038 938 3112 philosophorum
961 3039 1116 3112 praecepta
1146 3037 1234 3095 fortes
1263 3037 1402 3110 quasdam
1431 3054 1499 3095 sen-

270 3127 378 3186 tentias
407 3128 605 3201 sequentium,
635 3127 982 3201 Peripateticorum-non
1009 3126 1080 3184 111111
1106 3125 1358 3199 perturbationum
1388 3126 1499 3184 medio·

271 3216 388 3275 critates
404 3216 590 3290 probantium
606 3218 681 3291 (cap.
699 3220 762 3292 10).
796 3218 945 3291 Apparere
961 3217 1059 3274 autem
1075 3215 1180 3274 dicitur
1202 3232 1261 3275 non
1285 3215 1379 3274 solum
1404 3214 1501 3274 omnis

270 3305 477 3379 aegritudinis,
507 3323 607 3364 verum
635 3308 794 3365 ceterarum
823 3306 909 3364 etiam
936 3304 1188 3379 perturbationum
1217 3321 1334 3363 causam
1366 3321 1428 3362 esse
1460 3304 1500 3361 ab

271 3393 406 3467 opinione
436 3394 623 3467 repetendam
654 3397 683 3453 et
710 3394 902 3469 aegritudinis
926 3393 1044 3468 quidem
1067 3394 1103 3453 ab
1128 3392 1263 3469 opinione
1293 3392 1392 3467 magni
1419 3392 1501 3466 mali,

270 3482 354 3541 euius
382 3482 511 3542 definitio
541 3483 684 3542 subicitur
712 3483 868 3543 eiusmodi:
898 3500 962 3541 esse
993 3483 1157 3557 opinionem
1187 3482 1284 3557 magni
1314 3481 1383 3540 mali
1413 3499 1498 3556 prae·

270 3571 362 3631 sentis
390 3574 420 3631 et
445 3574 590 3631 recentem
613 3572 730 3646 quidem
754 3572 917 3648 opinionem
941 3571 1009 3630 11111
1036 3572 1121 3645 mali,
1148 3574 1182 3631 111
1208 3572 1240 3630 in
1264 3588 1296 3630 eo
1320 3573 1430 3629 rectum
1453 3570 1499 3628 vi-

271 3661 374 3720 deatur
404 3678 467 3720 esse
497 3661 567 3735 angi
596 3663 671 3737 (cap.
697 3664 759 3736 11).
804 3662 847 3719 Ex
878 3662 934 3719 bac
965 3661 1131 3721 definitione
1160 3660 1192 3719 in
1222 3662 1281 3719 tres
1304 3662 1402 3734 partes
1435 3660 1502 3718 abit

271 3749 444 3824 disputatio,
474 3768 596 3823 quarum
624 3751 718 3824 prima
747 3751 833 3810 docet
861 3750 1075 3824 aegritudinem
1104 3767 1168 3809 esse
1201 3768 1234 3808 ex
1263 3749 1398 3823 opinione
1428 3749 1498 3807 mali

270 3841 345 3914 (cap.
364 3844 413 3912 12,
433 3842 495 3914 13),
517 3840 550 3898 in
566 3857 623 3913 qua
638 3840 796 3914 Epicurum
811 3839 927 3911 refellit,
951 3839 1001 3913 qui
1016 3839 1111 3913 ipsam
1135 3839 1300 3913 opinionem
1324 3856 1387 3897 esse
1403 3838 1497 3911 aegri·
1518 3837 1522 3846 '

268 3928 400 3987 tudinem
416 3929 580 4000 contendat,
605 3931 634 3986 et
649 3928 829 4004 Cyrenaicos,
853 3929 903 4002 qui
919 3945 977 3987 non
992 3930 1097 4002 putent
1112 3929 1207 3986 valere
1232 3928 1269 3985 ad
1285 3927 1498 4001 aegritudinem

269 4017 327 4076 nisi
341 4018 524 4091 inopinatum
539 4016 656 4090 malurn,
680 4018 766 4091 quod,
790 4034 965 4091 quamquam
983 4017 1133 4091 insperata
1155 4017 1215 4076 sint
1230 4016 1364 4090 graviora
1388 4015 1498 4089 111111

268 4106 489 4180 praemeditatio
513 4106 725 4180 aegritudinem
748 4106 861 4165 minuat
883 4106 958 4181 (cap.
985 4108 1136 4182 13—15),
1159 4107 1193 4164 111
1215 4105 1316 4165 merito
1341 4106 1499 4180 reprehen-

269 4195 376 4254 dantur
398 4195 549 4269 Epicurei,
579 4195 630 4269 qui
651 4196 738 4254 istam
760 4195 975 4269 reprehendant
998 4196 1074 4269 (cap.
1099 4196 1152 4269 16)
1177 4196 1207 4254 11
1229 4194 1421 4265 cogitationes
1444 4211 1499 4267 po·

267 4284 327 4342 tius
355 4284 580 4357 111111111111
603 4285 759 4343 traducant
786 4284 913 4358 corporis
941 4285 992 4342 1111
1015 4301 1089 4357 quae
1112 4287 1231 4357 propter
1254 4300 1359 4358 corpus
1382 4284 1499 4342 11111-

269 4372 506 4433 11111111111111
533 4390 585 4447 spe
613 4374 777 4447 eogitemur
799 4374 874 4449 (cap.
900 4375 1059 4449 17-21),
1089 4375 1187 4431 tamen
1213 4372 1245 4431 in
1267 4372 1324 4431 isto
1348 4389 1407 4432 non
1438 4371 1498 4430 sint

268 4462 373 4535 omnia,
397 4480 462 4521 cum
486 4464 515 4521 11
529 4479 588 4521 nou
604 4462 786 4536 opinaturum
806 4465 911 4521 natura
927 4461 1110 4521 considerata
1123 4461 1320 4535 intellegatur,
1343 4463 1498 4536 propterea
