3642 5225
319 519 356 579 68
717 517 926 573 Tusculanarum
944 516 1152 586 disputationum

320 684 529 766 posteaquam
544 683 665 765 Tyrum
688 681 859 757 venissent,
881 682 954 744 tum
970 679 1125 744 adflictari
1149 678 1384 759 lamentarique
1401 678 1561 760 coepisse.

321 790 428 853 Timor
442 790 541 871 igitur
564 789 603 853 ab
626 788 677 852 his
693 787 926 870 aegritudinem
949 786 1054 870 potuit
1076 786 1238 869 repellere,
1261 785 1341 849 ratio
1358 785 1398 848 ab
1414 785 1559 868 sapient'

322 898 388 960 viro
411 915 474 960 non
496 895 638 979 poterit?

268 1010 312 1072 28
412 1001 496 1081 Quid
525 1005 574 1066 est
605 1004 729 1078 autem,
765 1000 848 1082 quod
879 1002 952 1084 plus
983 1001 1089 1064 valeat
1119 999 1159 1064 ad
1189 997 1371 1083 ponendum
1403 998 1561 1078 dolorem,

324 1128 421 1191 quam
444 1128 517 1173 oum
547 1112 597 1174 est
618 1109 819 1173 intellectum
846 1109 893 1172 nil
915 1106 1025 1191 profioi
1048 1109 1080 1171 et
1103 1106 1224 1171 frustra
1247 1124 1317 1170 esse
1341 1108 1560 1189 susceptum?

324 1215 358 1281 Si
380 1217 479 1298 igitur
495 1216 609 1300 deponi
631 1217 749 1299 potest,
772 1216 870 1279 etiam
892 1234 957 1279 non
980 1213 1099 1297 suseipi
1121 1215 1246 1297 potest3
1269 1213 1433 1277 voluntate
1454 1213 1561 1294 igitur

279 1347 310 1388 or
323 1326 356 1387 et
378 1323 493 1388 iudioio
515 1324 633 1406 suscipi
648 1322 882 1404 aegritudinem
898 1320 1113 1386 confitendum
1129 1322 1186 1384 est.
1267 1320 1369 1401 quue
1391 1319 1561 1384 indicatur

323 1450 432 1495 eorum
448 1431 611 1513 patientia,
636 1430 690 1512 qui
707 1449 779 1493 oum
795 1430 899 1492 multa
923 1429 988 1493 sint
1004 1447 1097 1511 saepe
1120 1428 1271 1510 perpessi,
1293 1426 1418 1490 faoilius
1435 1426 1560 1504 ferunt,

324 1537 475 1619 quioquid
490 1536 613 1612 aedidit,
637 1535 887 1616 obduruisseque
910 1536 977 1599 iam
992 1552 1061 1598 sese
1078 1536 1189 1597 eontra
1213 1532 1374 1598 fortunam
1395 1534 1560 1599 arbitran-

323 1648 386 1722 tur,
409 1644 522 1708 utillo
547 1642 631 1726 apud
655 1642 857 1726 Euripidem:

436 1759 477 1824 Si
498 1759 599 1823 mihi
621 1777 727 1822 nuno
749 1758 889 1822 tristis
913 1757 1088 1841 primum
1110 1755 1338 1821 inluxisset
1360 1755 1464 1834 dies,

435 1866 515 1930 Neo
538 1869 621 1931 tam
643 1865 884 1930 aerumnoso
907 1862 1221 1947 navigavissem
1245 1864 1348 1940 salo,

433 1971 556 2037 Esset
578 1972 745 2036 dolendi
768 1973 902 2048 sarisa,
927 1974 970 2035 ut
992 1972 1148 2036 inieoto
1172 1970 1306 2036 doulei

434 2080 563 2145 Freno
587 2082 761 2163 repente
784 2078 901 2143 tastu
926 2078 1194 2160 exagitantis
1216 2096 1334 2152 novo;

437 2186 513 2251 Sed
535 2186 613 2251 iam
637 2187 834 2251 subaotus
856 2185 1044 2250 miseriis
1068 2185 1272 2268 obtorpui.

324 2318 517 2401 Deietigatio
552 2320 651 2401 igitur
685 2320 887 2383 miseriarum
922 2319 1138 2400 aegritudines
1173 2338 1247 2383 oum
1281 2318 1379 2383 faeiat
1409 2319 1561 2398 leniores,

324 2426 468 2508 intellegi
496 2445 625 2491 neeesse
656 2428 706 2490 est
735 2445 798 2490 non
828 2445 898 2490 rem
927 2427 1030 2509 ipsam
1060 2444 1191 2490 eausam
1219 2427 1316 2507 etque
1339 2425 1460 2490 fontem
1485 2445 1560 2491 esse

282 2553 315 2599 os
325 2534 487 2598 maeroris.
523 2533 707 2618 Philosophi
723 2532 841 2597 summi
855 2532 1040 2616 nequedum
1055 2534 1164 2596 tamen
1179 2532 1371 2617 sapientiam
1393 2535 1562 2598 oonseeuti

325 2661 429 2706 nonne
452 2642 645 2723 intellegunt
667 2642 701 2705 in
725 2660 850 2706 summo
881 2661 914 2706 se
938 2643 1023 2706 malo
1047 2644 1142 2705 esso?
1189 2640 1273 2705 Sunt
1297 2641 1382 2705 enim
1404 2641 1563 2724 insipien-

396 2853 474 2921 Kap.
495 2853 545 2910 28.
583 2852 621 2904 ad
633 2852 791 2920 ponendum
808 2852 935 2921 dodran]
951 2869 1051 2921 ponera
1068 2852 1185 2905 dolorem
1199 2852 1249 2905 urie
1259 2869 1359 2921 ponere
1376 2851 1462 2906 vitam
1476 2852 1561 2922 (Nep.

325 2942 413 3009 Pana,
438 2940 570 3009 Sohluis),
595 2940 710 3007 librum,
735 2946 844 3008 oesiam,
869 2958 967 3006 aarum
992 2926 1111 2995 hernach
1133 2942 1180 2995 des
1199 2942 1376 3011 Gegensatzes
1393 2941 1488 2996 halben
1514 2942 1562 2996 da-

322 3030 400 3101 prma‘.
424 3062 457 3069 -
483 3030 536 3099 nil]
556 3029 624 3085 auoh
643 3029 686 3084 bei
705 3030 950 3099 (apamenam,
970 3029 1131 3098 ae(lre)mena
1148 3048 1175 3083 u.
1195 3046 1218 3083 a.
1237 3030 1384 3099 gebrauoht
1402 3030 1496 3086 Oioero
1514 3031 1562 3086 die

326 3119 453 3189 langeron
470 3120 526 3173 und
539 3120 669 3173 lriirzeren
686 3120 800 3174 Forrnen
819 3118 1019 3188 abweohselnd3
1038 3120 1086 3173 der
1098 3119 1225 3174 Weohsel
1239 3119 1313 3187 wird‚
1332 3118 1383 3173 wie
1402 3135 1430 3174 es
1443 3118 1561 3189 soheint,

326 3210 410 3264 duroh
429 3209 611 3278 rhythmisohe
626 3208 806 3263 Riiolrsiohten
820 3208 962 3262 bestimmt
984 3240 1017 3249 -
1035 3209 1169 3263 volontate
1186 3213 1210 3262 et
1228 3208 1343 3279 iudaeae]
1359 3207 1562 3276 „freierWille

326 3299 382 3353 und
399 3298 575 3353 masenlursu
594 3299 645 3352 wie
663 3302 678 3367 ᾗ
696 3301 732 3353 80
749 3298 903 3353 voluntario
921 3298 1035 3353 iudicio.

399 3402 441 3442 oa.
467 3388 686 3457 obduruisseque]
705 3404 755 3456 que
772 3387 838 3441 wind
857 3388 897 3441 ort
919 3388 962 3441 bei
979 3387 1225 3456 rorausgehendem
1248 3392 1264 3443 ἔ
1287 3383 1438 3457 angehiirigt
1456 3389 1562 3457 (oanne-

326 3493 377 3545 que
389 3492 416 3529 u.
430 3475 473 3544 a).
494 3508 527 3515 -
546 3475 719 3546 Euripidem]
733 3475 805 3529 wohl
818 3492 866 3529 aus
880 3477 942 3529 dem
956 3516 972 3544 „
978 3475 1094 3530 Phrixus
1100 3479 1115 3506 “
1128 3477 1176 3531 des
1189 3477 1323 3531 Diohters.
1343 3508 1377 3517 -
1396 3494 1562 3531 aeramrwso

327 3565 394 3633 solo]
421 3564 490 3632 „auf
514 3565 576 3618 dem
599 3564 737 3632 traurigen
754 3564 877 3630 Meere‘·‚
904 3565 1100 3633 metaphorisoh
1123 3566 1183 3619 fiir:
1210 3566 1276 3634 „iah
1300 3565 1402 3636 traurig
1424 3567 1472 3620 aui
1496 3566 1563 3621 dem

328 3653 449 3707 Meere“.
460 3684 494 3692 -
507 3658 538 3707 at
599 3653 773 3723 sospitantur
786 3655 833 3723 ...]
844 3654 912 3721 „wie
925 3654 994 3708 auoh
1005 3655 1048 3708 die
1060 3655 1161 3724 jungen
1170 3656 1269 3709 Pierde
1281 3655 1319 3708 im
1329 3656 1448 3724 (indepto)
1458 3655 1562 3711 Zaume

329 3742 490 3797 auiiahrend
515 3742 573 3796 sioh
597 3742 713 3797 bitumen
736 3742 769 3797 ob
788 3744 835 3797 des
853 3743 1049 3812 ungewohnten
1068 3744 1180 3798 Βίεεθειι
1206 3744 1350 3814 (Druolres,
1375 3745 1466 3813 tama).
1504 3746 1563 3800 Das

328 3831 471 3901 Fragment
489 3832 612 3886 eusdem
627 3831 786 3900 „Phrixus“
799 3833 846 3886 des
860 3832 1000 3902 Euripides
1014 3834 1098 3887 lautet
1112 3834 1165 3904 (bei
1178 3834 1303 3901 Nauolr,
1317 3834 1351 3887 fr.
1365 3835 1398 3887 tr.
1412 3833 1465 3903 gr.²
1477 3835 1561 3902 82llz

505 3928 543 3978 Ei
558 3925 612 3996 μὲν
630 3921 692 3978 rod’
712 3922 785 3998 ἦμαρ
803 3936 914 3996 πρῶτον
932 3924 965 3992 ἦν
982 3930 1143 3997 κακουμένῳ

507 4017 564 4067 Καὶ
581 4014 622 4085 μὴ
639 4015 751 4086 μακρὰν
768 4014 804 4081 δὴ
822 4013 871 4067 διὰ
890 4016 984 4068 πόνων
1001 4016 1186 4069 ἐναυστόλουν
1204 4012 1334 4082 (sagello),

506 4104 589 4163 Εἰκὸς
607 4099 761 4173 σφαδᾴζειν
779 4101 846 4170 (sich
868 4101 991 4171 tamnen)
1011 4102 1043 4172 ἢν
1062 4108 1103 4168 dv,
1124 4106 1159 4165 ὡς
1176 4106 1305 4174 νεόζυγον

508 4194 609 4245 Πῶλον
623 4195 742 4263 χαλινὸν
760 4194 858 4262 ἀρτίως
876 4192 1059 4265 δεδεγμένον·

507 4287 567 4334 Νῦν
586 4276 614 4334 δ’
633 4283 739 4353 ἀμβλύς
757 4279 958 4350 (abgestumpft)
976 4288 1035 4355 εἰμι
1052 4287 1099 4336 καὶ
1117 4283 1288 4355 κατηρτυκὼς
1305 4294 1402 4337 κακῶν.
1451 4326 1453 4331 .

401 4380 443 4424 oa.
460 4368 621 4437 nequedum]
632 4369 697 4422 oder
709 4369 825 4423 mum
836 4370 883 4423 fiir
893 4376 918 4423 et
931 4372 1060 4424 arandum.
1075 4401 1109 4411 -
1123 4369 1302 4440 sapientiam]
1312 4368 1481 4425 Wisderholt
1492 4370 1563 4425 wird

329 4456 382 4509 den
400 4454 523 4510 Stoilrern
540 4457 728 4527 vorgehalten,
747 4458 805 4513 dala
823 4458 867 4513 ein
886 4459 1059 4529 Pythagoras,
1078 4458 1154 4514 Plato
1173 4459 1228 4512 und
1246 4459 1344 4513 andere
1362 4459 1450 4528 grosse
1468 4456 1562 4512 Philo-

329 4544 431 4614 sophen
444 4546 615 4615 ungliiolrliah
627 4548 695 4616 sind,
709 4548 770 4602 weil
784 4548 823 4603 sie
837 4548 880 4603 die
893 4549 1009 4604 stoisohe
1018 4548 1150 4603 Weisheit
1165 4548 1313 4603 antbehren
1327 4547 1516 4617 (imipoeatea).
1526 4580 1562 4589 -
