3642 5225
717 539 774 594 Lib.
793 540 844 608 111,
864 556 886 594 o.
905 542 1020 597 31-32.

367 701 511 784 Atqui,
534 700 794 779 Prometheo,
817 704 856 766 te
879 702 957 767 hoc
980 704 1121 767 tenere
1144 703 1355 782 existimo,

368 817 525 882 Mede'ri
547 836 665 900 posse
689 816 891 882 ritionem
914 818 1173 898 iracundiae,

254 960 435 1043 respondit:

371 1084 582 1167 Siquidem
606 1085 673 1168 qui
695 1086 982 1169 tempestivam
1004 1087 1249 1152 medicinam
1274 1085 1482 1152 idmcveus

367 1200 454 1265 Non
478 1199 784 1283 idgravesoens
807 1202 955 1266 vulnus
978 1201 1134 1267 inlidet
1156 1221 1283 1268 mauu.

341 1363 413 1427 Erit
436 1363 537 1445 igitur
559 1363 593 1427 in
616 1363 883 1428 consolationibus
905 1363 1010 1446 prima
1024 1363 1183 1429 medicina
1197 1364 1310 1430 docere
1333 1368 1390 1430 aut
1411 1333 1536 1462 nul-27²

257 1472 326 1536 lum
348 1471 471 1535 malum
501 1489 570 1535 esse
598 1472 656 1536 aut
678 1470 850 1535 admodum
878 1489 1030 1553 parvum,
1065 1471 1168 1536 altera
1197 1475 1231 1536 et
1253 1471 1292 1536 de
1323 1473 1484 1537 communi

258 1577 439 1642 condicione
468 1577 552 1642 ritae
583 1581 616 1641 et
644 1578 785 1660 proprie,
814 1578 842 1642 si
865 1578 943 1660 quid
970 1578 1074 1643 sitdo
1097 1579 1216 1661 166166,
1246 1578 1302 1661 qui
1331 1582 1483 1657 maereat

257 1684 496 1768 disputandum,
525 1685 622 1749 tertia
645 1703 805 1750 summam
828 1704 897 1750 esse
921 1686 1094 1750 stultitiam
1117 1685 1239 1750 frustra
1262 1685 1374 1750 confici
1395 1704 1483 1751 mae-

256 1810 337 1870 rore,
361 1811 435 1856 cum
449 1792 617 1873 intellegas
639 1792 686 1855 nil
707 1810 799 1875 posse
821 1792 940 1875 profici.
985 1792 1069 1857 Nam
1086 1792 1258 1858 Cleanthes
1282 1793 1411 1876 quidem
1431 1813 1483 1859 sa

254 1899 396 1982 piantem
424 1898 621 1975 consolatur,
651 1898 706 1980 qui
729 1899 942 1963 consolatione
972 1918 1035 1963 non
1064 1902 1145 1982 eget.
1191 1900 1280 1964 Nihil
1303 1901 1389 1966 euim
1412 1921 1481 1967 esse

254 2006 393 2083 malum,
424 2004 509 2086 quod
531 2008 625 2088 turpe
652 2005 797 2082 nonsit,
832 2005 859 2070 si
888 2006 1012 2087 lugenti
1034 2007 1246 2088 persuaseris,
1280 2027 1344 2072 666
1374 2011 1412 2073 16
1434 2009 1482 2072 illi

253 2113 389 2190 luctum,
412 2112 469 2177 sed
493 2113 665 2178 stultitiam
681 2112 872 2187 detraxerim
897 2113 1038 2177 alienum
1062 2114 1172 2177 autem
1195 2116 1324 2196 tempus
1341 2114 1481 2179 docendi.

254 2220 298 2284 Et
326 2221 435 2284 tamen
463 2238 526 2283 non
559 2219 638 2283 satis
667 2219 746 2283 mihi
769 2219 896 2284 videtur
918 2219 1035 2283 vidisse
1063 2219 1123 2284 hoc
1146 2219 1333 2298 Cleanthes,
1364 2222 1483 2304 suscipi

256 2327 426 2409 aliquando
442 2326 674 2410 aegritudinem
696 2333 789 2409 po'sse
813 2345 850 2390 ex
873 2345 909 2391 eo
933 2326 1011 2408 ipso,
1034 2326 1118 2409 quod
1142 2345 1211 2391 esse
1235 2345 1399 2391 summum
1414 2345 1483 2392 ma·

256 2434 324 2497 lum
341 2432 543 2516 [Cleanthes]
566 2433 634 2515 ipse
658 2431 807 2497 fateatur.
853 2431 937 2511 Quid
961 2433 1046 2497 enim
1069 2433 1220 2511 dicemus,
1245 2453 1318 2498 cum
1335 2432 1481 2499 Socrates

254 2540 410 2604 Alcibiadi
432 2540 654 2624 persuasisset,
676 2541 714 2603 61
736 2539 925 2623 accepimus,
957 2558 1031 2603 eum
1052 2540 1133 2604 nihil
1155 2540 1292 2604 hominis
1316 2559 1395 2620 esse,
1423 2561 1482 2606 neo

259 2647 430 2728 quicquam
445 2647 529 2710 inter
542 2645 739 2710 Alcibiadem
754 2665 880 2711 summo
903 2648 971 2711 loco
987 2648 1101 2712 uatum
1124 2650 1158 2712 et
1181 2649 1325 2731 quemvis
1341 2649 1482 2714 baiolum

257 2754 421 2831 iuteresse,
444 2772 518 2817 oum
540 2772 574 2817 se
597 2753 775 2818 Alcibiades
799 2753 977 2819 adflictaret
1000 2754 1234 2838 lacrimansque
1260 2755 1384 2821 Socrati
1407 2775 1482 2840 sup-

253 2861 326 2943 plex
356 2863 453 2937 esset,
483 2862 520 2925 ut
543 2861 603 2926 sibi
625 2861 779 2926 virtutem
808 2861 951 2927 traderet
980 2862 1276 2946 turpitudinemque
1300 2863 1481 2947 depelleret,

255 2967 332 3049 quid
356 2967 512 3046 dicemus,
543 2968 720 3034 Cleanthe?
749 2989 828 3034 num
851 2969 884 3033 in
907 2969 964 3034 illa
986 2988 1036 3047 re,
1067 2990 1149 3054 quae
1173 2971 1373 3053 aegritudine
1396 2971 1481 3036 Aloi-

252 3252 445 3319 udqraoeoeena
457 3250 566 3319 6616666]
585 3249 641 3303 Das
654 3249 716 3303 Bild
729 3250 780 3304 wie
794 3250 822 3303 in
836 3253 851 3320 ᾗ
864 3254 912 3307 71:
928 3292 944 3320 „
949 3252 1047 3321 premit
1059 3252 1134 3306 dolor
1140 3254 1167 3320 “3
1186 3250 1236 3304 wir
1249 3252 1314 3319 „die
1328 3250 1481 3306 brennende

252 3340 392 3393 Wunde“.
424 3337 518 3394 Cicero
535 3338 733 3406 iibersetzt,
752 3340 803 3393 wie
821 3356 883 3393 man
901 3357 950 3395 aus
968 3341 1056 3395 dieser
1074 3342 1129 3395 und
1147 3342 1264 3395 anderen
1278 3340 1379 3395 Stellen
1397 3340 1482 3395 durch

253 3427 453 3496 Vergleichung
471 3428 633 3481 entnehmen
650 3428 729 3495 haun,
749 3428 870 3483 ziemhch
890 3430 969 3497 irei,
989 3431 1057 3485 nach
1071 3430 1174 3485 seinem
1188 3430 1362 3499 Gnmdsatze,
1381 3431 1433 3484 den
1452 3446 1482 3484 er

251 3518 290 3571 im
308 3517 448 3571 Vorworte
473 3533 506 3570 zu
530 3516 620 3571 seiner
642 3506 830 3588 iibersetzung
855 3520 902 3574 des
927 3520 1122 3575 Demosthenes
1149 3520 1205 3575 und
1228 3509 1360 3575 Asohines
1387 3536 1481 3589 ausge-

252 3607 386 3677 sprochen
404 3606 451 3660 hat
468 3607 512 3674 (de
531 3609 583 3676 opt
602 3623 662 3676 gen.
682 3624 718 3661 or.
732 3608 749 3676 ἕ
764 3609 821 3674 ret:
842 3625 914 3676 „neo
933 3610 1053 3663 converti
1071 3611 1102 3663 ut
1119 3609 1259 3678 interpres,
1279 3609 1326 3663 sed
1343 3611 1374 3662 ut
1393 3611 1482 3663 orator

251 3696 392 3751 sententiis
409 3696 495 3751 isdem
519 3699 545 3751 et
563 3713 655 3751 earum
673 3697 766 3751 iormis
784 3700 919 3767 tamquam
937 3698 1044 3768 figuris,
1068 3698 1157 3753 verbis
1176 3699 1209 3753 ad
1227 3700 1345 3753 nostram
1368 3714 1480 3753 consue·

253 3785 374 3840 tudinem
397 3786 473 3855 aptis.
510 3787 543 3841 16
562 3786 657 3855 quibus
679 3804 733 3841 non
751 3787 862 3842 verbum
881 3788 1030 3857 proverbe
1054 3804 1165 3843 6666666
1182 3787 1264 3842 habui
1282 3788 1408 3854 reddere,
1434 3788 1481 3841 sed

252 3891 336 3944 genus
359 3890 439 3930 omne
457 3876 599 3930 verborum
617 3876 725 3945 vimque
747 3878 860 3931 servavi.
897 3877 959 3931 Non
979 3877 1050 3932 enim
1074 3893 1106 3932 ea
1127 3894 1171 3931 me
1194 3878 1369 3932 adnumerare
1387 3876 1481 3930 lectori

252 3966 343 4033 putavi
362 3968 491 4034 oportere,
510 3966 558 4019 sed
576 3967 711 4034 tamquam
729 3967 906 4035 appendere.“

324 4125 403 4194 Kap.
423 4125 476 4184 32.
515 4140 555 4179 rr.
580 4126 670 4180 docere
693 4131 742 4180 661
765 4128 874 4181 nullam
969 4133 994 4181 ct
1015 4128 1047 4181 616
1069 4128 1211 4183 communi
1232 4125 1398 4196 wcdice‘onc]
1425 4129 1481 4180 Aru¹

255 4215 316 4268 dem
339 4214 430 4268 docere
455 4214 540 4281 ergibt
562 4214 620 4269 sich
643 4231 696 4269 uon
721 4215 803 4270 selbst
828 4216 871 4269 ein
895 4217 1110 4271 umiassenderes
1128 4217 1248 4270 Verbum
1267 4215 1426 4284 (1166666666).
1445 4246 1479 4255 -

250 4320 309 4355 aaa
326 4303 421 4357 1666116·
497 4304 657 4375 detruserat]
680 4304 798 4359 Beaohte
822 4306 874 4359 den
893 4306 1033 4361 (lebrauoh
1056 4306 1111 4360 und
1135 4306 1177 4360 die
1200 4304 1322 4373 Stellung
1344 4305 1393 4358 der
1414 4304 1480 4359 Pro·

253 4391 363 4447 nomina
384 4394 441 4446 und
463 4393 510 4448 das
528 4394 660 4448 Futurum
677 4394 714 4448 II.
733 4425 767 4434 —
792 4394 868 4449 nibil
884 4395 1017 4465 bominis]
1043 4395 1134 4465 „auch
1158 4394 1233 4449 nicht
1255 4395 1304 4449 der
1321 4395 1429 4463 Auiang
1447 4412 1482 4450 zu

252 4480 343 4534 einem
360 4480 537 4537 Menschen“.
557 4515 591 4523 -
616 4482 748 4553 bachium]
767 4483 818 4537 wie
836 4500 919 4538 unser
937 4484 1140 4553 „Pacreagore
1159 4500 1207 4538 zur
1224 4483 1415 4553 Bezeichnung
1432 4485 1480 4538 des

251 4568 407 4640 Niedrigen.
