3642 5225
343 501 378 560 76
738 500 946 556 Tusculanarum
965 500 1171 568 disputationum

300 665 470 730 rabiadem
494 664 676 739 adficiebat,
706 664 783 728 mali
809 663 889 728 nihil
913 662 1034 728 fuisse?
1081 662 1187 742 Quid?
1223 664 1279 727 illa
1302 663 1439 746 Lyconis
1464 663 1580 744 qualia

343 774 442 837 eunt?
473 772 528 854 qui
558 771 790 853 aegritudinem
820 774 995 835 extenuans
1018 771 1125 853 parvis
1156 771 1202 834 ait
1225 789 1296 834 eam
1323 771 1419 835 rebus
1443 771 1577 846 moveri,

342 878 489 943 fortunae
520 882 553 943 et
576 879 712 962 corporis
741 878 965 955 incommodis,
994 897 1058 941 non
1089 878 1187 941 animi
1217 877 1319 941 malis.
1366 875 1450 955 Quid
1474 879 1579 959 ergo?

341 985 437 1064 illud,
461 985 545 1068 quod
568 985 746 1050 Alcibiades
770 985 916 1062 dolebat,
939 1004 1002 1048 non
1026 1003 1063 1048 ex
1087 984 1185 1048 animi
1208 984 1302 1047 malis
1324 984 1474 1065 vitiisque
1499 1003 1579 1048 con-

343 1094 474 1157 stabat?
518 1092 568 1157 Ad
591 1093 721 1176 Epicuri
744 1092 991 1157 consolationem
1015 1092 1094 1156 satis
1119 1092 1266 1156 estante
1290 1090 1420 1155 dictum.

289 1184 332 1247 ³³
432 1200 480 1264 Ne
504 1199 560 1264 illa
583 1199 712 1281 quidem
734 1199 918 1263 firmissima
942 1199 1115 1263 consolatio
1140 1201 1197 1276 est,
1229 1216 1425 1280 quamquam
1450 1200 1483 1262 et
1506 1198 1575 1262 usi-

250 1376 252 1378 ,
300 1271 413 1371 ⁷⁹tata
442 1309 492 1371 est
526 1309 559 1372 et
594 1325 687 1390 saepe
717 1307 864 1389 prodest:
895 1306 990 1384 „Non
1021 1306 1080 1370 tibi
1109 1306 1168 1370 hoo
1198 1305 1283 1369 soli.“
1328 1304 1464 1370 Prodest
1493 1305 1579 1370 haec

343 1414 481 1496 quidem,
503 1416 542 1478 ut
565 1414 638 1491 dixi,
662 1413 799 1478 seduco
822 1431 946 1497 semper
969 1432 1029 1477 nec
1051 1413 1215 1486 omnibus;
1240 1415 1317 1476 sunt
1341 1412 1426 1476 enim
1442 1412 1498 1493 qui
1521 1432 1574 1476 re-

343 1524 478 1604 spuant3
509 1521 565 1585 sed
588 1520 699 1598 refert,
726 1540 788 1603 quo
812 1520 904 1584 modo
929 1520 1126 1584 adhibeatur.
1171 1519 1219 1584 Ut
1242 1520 1327 1583 enim
1350 1519 1462 1583 tulerit
1485 1520 1577 1601 quis-

344 1647 405 1709 que
429 1646 553 1706 eorum,
585 1628 640 1710 qui
663 1629 822 1710 sapienter
845 1629 1005 1703 tulerunt,
1035 1646 1098 1691 non
1122 1645 1185 1709 qno
1209 1627 1344 1709 quisque
1372 1626 1577 1699 incommodo

343 1733 486 1799 adfectus
511 1736 562 1812 sit,
585 1734 832 1818 praedicandum
855 1737 914 1799 est.
960 1733 1130 1818 Chrysippi
1146 1734 1187 1798 ad
1202 1734 1371 1798 veritatem
1386 1733 1577 1798 firmissima

344 1843 408 1919 est,
439 1840 479 1905 ad
502 1844 630 1924 tempus
661 1841 869 1924 aegritudinis
893 1840 1039 1906 difficilis.
1084 1841 1239 1923 Magnum
1263 1859 1342 1923 opus
1366 1843 1416 1904 est
1437 1841 1573 1924 probare

342 1949 498 2012 maerenti
520 1948 614 2013 illum
642 1968 700 2013 suc
722 1949 837 2013 iudicio
861 1951 909 2026 et,
941 1948 1025 2030 quod
1049 1967 1083 2013 se
1105 1949 1153 2013 ita
1175 1949 1270 2031 putet
1292 1949 1434 2030 oportere
1458 1947 1578 2026 facere,

342 2073 493 2119 maerere.
528 2055 690 2120 Nimimm
713 2056 819 2138 igitur,
843 2056 936 2120 utin
960 2056 1066 2119 causis
1089 2074 1153 2120 non
1177 2073 1301 2138 semper
1323 2055 1445 2118 utimur
1461 2055 1576 2119 eodem

343 2163 431 2226 statu
454 2162 513 2245 (sic
536 2163 621 2227 enim
645 2163 844 2246 appellamus
868 2163 1155 2227 controversiarum
1178 2161 1317 2244 genera),
1348 2162 1403 2226 sed
1427 2161 1467 2225 ad
1489 2164 1575 2226 tem·

341 2288 420 2351 pus,
444 2269 484 2332 ad
507 2271 738 2333 controversiae
761 2273 929 2344 naturam,
953 2269 993 2332 ad
1016 2287 1185 2351 personam
1208 2269 1496 2345 accommodamus
1528 2269 1577 2334 sic

341 2375 375 2437 in
399 2375 596 2456 aegritudine
620 2375 775 2454 lenienda,
799 2394 896 2456 qnam
921 2377 1055 2458 quisque
1080 2377 1276 2440 curationem
1300 2376 1438 2458 recipere
1461 2377 1576 2459 possit,

342 2481 514 2546 ridendum
537 2486 595 2546 est.

299 2607 332 2653 eo
433 2588 496 2655 Sed
526 2590 633 2655 nescio
665 2608 727 2673 quo
759 2592 852 2675 pacto
882 2591 922 2655 ab
953 2609 1005 2668 eo,
1038 2589 1122 2673 qnod
1153 2592 1223 2654 erat
1253 2607 1272 2654 a
1302 2591 1334 2654 te
1364 2589 1579 2674 propositum,

416 2815 456 2860 rs.
481 2802 613 2871 Isyooar's]
636 2802 722 2870 Lyco,
748 2803 899 2857 ate-226
919 2819 944 2856 v.
964 2800 1035 2868 Chr,
1060 2800 1174 2856 Sohiiler
1191 2801 1307 2869 Stratos,
1331 2802 1378 2855 des
1396 2800 1581 2871 Nachfolgers

342 2892 526 2961 Theophrasts.
546 2923 580 2930 —
599 2891 645 2944 Ad
661 2890 792 2960 Epr'cura']
811 2895 881 2961 πρὸς
896 2888 933 2946 Ἐ
953 2906 1060 2959 „gegen
1078 2890 1134 2944 Ε.“.

413 3018 492 3087 Kap.
508 3017 559 3075 33.
600 3030 640 3071 re.
660 3016 724 3070 Non
737 3016 790 3069 tibi
802 3015 852 3069 boc
864 3016 932 3085 solt]
948 3016 1174 3085 sprichw'drtliche
1188 3015 1369 3083 Trostformel,
1387 3014 1440 3083 vgl.
1455 3022 1576 3070 τεθνᾶσι

342 3109 444 3169 παῖδες
462 3112 511 3162 οὐκ
530 3110 593 3181 ἐμοὶ
610 3110 684 3181 μόνῃ
701 3116 806 3180 βροτῶν
818 3111 873 3161 κτλ.
893 3106 994 3174 (Eurip.
1011 3105 1122 3174 Kresph.
1137 3106 1172 3159 fr,
1186 3108 1248 3173 456,
1267 3105 1409 3172 Nauck),
1429 3102 1481 3172 vgl.
1502 3102 1574 3170 „So-

341 3195 452 3251 lamen“
468 3199 518 3250 eto.
532 3227 566 3235 -
581 3196 799 3264 praedabundum
812 3197 860 3265 cst]
875 3196 1038 3264 praedicare
1051 3198 1233 3264 „aussagen“,
1247 3202 1415 3268 κατηγορεῖν.
1430 3224 1464 3232 -
1482 3193 1579 3246 ecdem

341 3287 424 3354 statu]
443 3290 531 3339 statua
549 3285 614 3338 oder
631 3284 787 3339 constitutio
805 3288 937 3352 (στάσις),
962 3284 1004 3338 die
1023 3284 1051 3337 in
1069 3284 1122 3337 den
1140 3283 1402 3351 Rhetcrenschnlen,
1427 3283 1579 3338 besonders

342 3375 394 3429 seit
412 3375 591 3443 Hermagoras
608 3379 665 3441 (um
685 3377 737 3429 120
754 3390 780 3427 v.
800 3374 874 3439 Chr.)
893 3373 1052 3428 bebandelte
1071 3372 1319 3442 Kampfesstellung
1337 3373 1365 3425 in
1384 3373 1459 3426 einer
1477 3372 1575 3426 Streit-

342 3464 430 3529 sache,
449 3463 497 3516 der
515 3462 682 3531 Standpunlrt
700 3462 748 3515 des
761 3462 874 3531 Klagers
891 3463 947 3515 und
966 3463 1125 3531 Behlagten:
1146 3480 1168 3516 z.
1184 3463 1214 3516 B.
1230 3461 1421 3516 mnimtarala'a
1439 3460 1483 3528 (ob
1497 3461 1580 3515 einer

342 3555 424 3606 etwas
441 3554 540 3620 getan),
559 3551 682 3620 legitimo
699 3551 743 3618 (ob
763 3568 793 3604 er
811 3552 854 3605 ein
873 3552 969 3606 Gesetz
988 3553 1034 3605 fiir
1053 3552 1117 3605 oder
1134 3568 1220 3621 gegen
1238 3552 1296 3605 sich
1314 3551 1379 3619 hat),
1398 3549 1577 3604 iuratimcbla‘a

341 3642 385 3709 (ob
408 3642 456 3694 der
475 3640 646 3694 Geriohtshol
663 3641 820 3709 austandig).
857 3641 892 3696 So
911 3641 1015 3695 enthalt
1032 3641 1140 3697 Ciceros
1163 3640 1354 3709 „Miloniana“
1379 3639 1577 3693 verschiedene

341 3730 552 3784 cmmtitutioaes.
567 3762 602 3769 -
620 3730 658 3784 od
670 3732 784 3800 tempus]
804 3730 895 3784 Damit
908 3730 975 3784 wird
990 3732 1037 3784 auf
1050 3730 1093 3784 die
1107 3730 1214 3798 treione,
1233 3729 1433 3798 zweclrmhssige
1447 3728 1575 3783 Behand-

341 3819 406 3888 lung
423 3819 471 3873 der
483 3820 591 3873 Lehren
605 3820 653 3873 der
666 3819 795 3873 Rhetorik
812 3819 1003 3889 hingewiesen,
1022 3837 1102 3873 wenn
1120 3820 1168 3873 der
1181 3820 1289 3873 Redner
1306 3818 1364 3872 sich
1382 3818 1458 3871 nicht
1476 3833 1510 3871 an
1529 3817 1579 3871 die

342 3908 439 3962 einmal
458 3908 635 3977 lestgestellte
653 3908 801 3963 Schablone
820 3909 884 3962 halt
904 3940 939 3949 -
958 3910 1115 3979 personam]
1134 3908 1184 3962 wie
1204 3924 1287 3962 unser
1305 3906 1460 3976 „Person“,
1479 3905 1577 3976 Stand,

341 3997 471 4066 Stellung,
490 4000 596 4052 iussere
614 3997 798 4052 Verbaltnisse
817 3998 892 4052 eines
910 3998 1065 4052 Menschen.
1086 4030 1120 4039 -
1139 3999 1308 4052 curationem
1325 3997 1452 4067 recipere]
1472 3995 1576 4064 „Heil-

340 4087 485 4141 verfahren
502 4090 682 4157 vertragen“;
700 4086 754 4155 vgl.
773 4088 898 4154 „ferrum
917 4088 1061 4155 recipere“
1080 4087 1116 4155 H,
1137 4090 1180 4143 41.

414 4190 456 4234 80.
476 4176 528 4230 Sed
593 4176 738 4246 aberravit]
753 4176 787 4231 So
801 4176 868 4229 wird
881 4176 1049 4245 gewbhnlich
1063 4177 1112 4230 der
1120 4177 1264 4231 Absohluls
1279 4176 1355 4230 einer
1367 4174 1575 4229 Abschwei-

341 4266 426 4333 fnng
443 4282 517 4319 vom
535 4266 661 4320 Thema
679 4266 831 4334 (digressio)
856 4267 920 4319 oder
945 4266 1019 4319 einer
1038 4265 1196 4334 Ablenlrung
1218 4266 1246 4319 in
1269 4266 1368 4320 andere
1387 4264 1499 4319 Bahnen
1523 4279 1574 4317 an-

341 4354 479 4422 gedeutet;
499 4354 543 4407 ein
557 4354 687 4408 beliebter
700 4354 775 4408 Platz
793 4355 842 4408 der
859 4354 990 4423 digressio
1008 4354 1045 4408 ist
1061 4356 1110 4408 der
1127 4370 1189 4408 ror
1207 4355 1268 4409 dem
1287 4353 1446 4421 Schluls3
1465 4369 1494 4407 so
1513 4352 1580 4407 hier

341 4442 385 4496 die
404 4442 580 4511 Behandlung
597 4443 646 4498 der
663 4444 854 4513 Trostgriinde,
879 4443 904 4497 d.
925 4444 941 4496 i.
966 4445 1008 4497 die
1031 4444 1182 4513 pralrtische
1200 4444 1377 4512 Anwendung
1395 4443 1444 4495 der
1461 4457 1579 4496 vorans-

341 4530 480 4599 gehenden
499 4532 703 4601 Erdrterungen.
