3642 5225
743 1177 883 1243 LIBER
904 1173 1112 1256 QUINTUS

448 1324 551 1425 QUI
573 1323 762 1408 DOOET
786 1321 1090 1406 VIRTUTEM
1111 1321 1193 1404 AD
1216 1322 1405 1406 BEATE

373 1449 692 1533 VIVENDUM
716 1447 780 1531 SE
804 1447 932 1532 IPSA
954 1446 1085 1531 ESSE
1110 1445 1480 1532 ΟΟΝΤΕΝΤΑΜ.

726 1746 1125 1814 AR'GUMENTUM.

401 1861 466 1921 Hoc
488 1860 564 1920 libro
589 1860 684 1934 quinti
707 1860 765 1919 diei
781 1859 941 1934 disputatio
958 1859 1131 1933 continetur,
1155 1877 1212 1934 qua
1235 1860 1373 1920 virtutem
1395 1861 1433 1919 ad
1455 1861 1546 1920 beate

316 1949 472 2010 vivendum
498 1967 529 2008 11
556 1949 622 2024 ipsa
650 1967 714 2008 esse
743 1951 909 2009 contentam
932 1949 1153 2009 demonstratur.
1200 1950 1243 2009 Ac
1271 1950 1396 2024 primum
1424 1949 1547 2023 quidem

316 2039 584 2098 mathematicorum
613 2056 690 2099 more
715 2038 812 2098 Cicero
842 2057 876 2097 ex
903 2038 953 2111 iis,
984 2055 1058 2112 quae
1086 2040 1152 2097 ante
1177 2039 1327 2113 disputata
1350 2041 1445 2110 erant,
1476 2039 1546 2098 bre-

315 2128 390 2188 viter
419 2128 536 2188 conficit
563 2127 610 2199 id,
645 2129 724 2202 quod
753 2128 915 2202 qnaeritnr;
952 2127 1056 2186 deinde
1088 2128 1126 2186 ad
1154 2127 1395 2202 philosophorum
1425 2129 1546 2187 modum

313 2218 357 2277 ita
380 2219 415 2277 de
442 2218 497 2276 hac
521 2217 690 2291 quaestione
715 2217 858 2291 disputat,
886 2218 1035 2290 tamquam
1058 2216 1256 2290 superioribus
1279 2217 1382 2277 diebus
1405 2217 1481 2276 nihil
1506 2218 1547 2276 sit

315 2307 491 2381 disputando
523 2306 694 2365 confectum.
746 2306 822 2364 Nam
856 2305 981 2379 primum
1016 2306 1159 2377 ostendit,
1194 2306 1220 2365 si
1253 2306 1371 2381 sapiens
1407 2306 1546 2366 omnibus

313 2395 583 2470 perturbationibus
605 2395 681 2454 liber
703 2395 750 2467 sit,
773 2412 833 2454 non
855 2412 941 2468 posse
964 2412 1023 2454 non
1046 2395 1164 2453 beatum
1179 2395 1342 2470 sapientem
1358 2413 1430 2468 esee,
1454 2397 1545 2469 quod,

314 2485 365 2559 qui
394 2485 425 2542 in
455 2484 514 2543 illis
544 2485 618 2557 sint,
648 2485 746 2543 miseri
776 2484 835 2543 sint
864 2482 1037 2543 necessario.
1086 2483 1179 2554 Quare
1211 2501 1277 2544 oum
1305 2485 1398 2544 virtus
1427 2487 1546 2558 pertur-

313 2573 482 2634 bationibus
513 2573 575 2635 sola
603 2573 724 2648 liberet,
758 2573 896 2633 virtutem
925 2572 1087 2633 necessario
1123 2574 1213 2634 solam
1247 2574 1367 2635 beatum
1395 2574 1547 2634 hominem

315 2664 428 2722 efficere
459 2666 534 2737 (cap.
560 2666 679 2737 1—6).
725 2665 760 2721 In
791 2680 847 2737 quo
879 2663 1067 2737 reprehendit
1095 2665 1222 2723 veterem
1244 2663 1486 2723 Academicorum
1515 2668 1549 2723 et

313 2752 574 2826 Peripateticorum
595 2751 834 2824 inconstantiam,
859 2752 910 2826 qui
934 2770 999 2811 cum
1021 2752 1078 2811 tria
1100 2770 1208 2827 genera
1230 2753 1373 2813 bonorum
1395 2752 1547 2827 fecissent,

314 2841 407 2900 solam
429 2843 526 2899 tamen
549 2841 687 2899 virtutem
710 2840 836 2899 dixerint
859 2841 931 2899 satis
955 2841 986 2899 in
1010 2859 1041 2899 se
1065 2841 1181 2915 habere,
1212 2842 1320 2902 sinon
1343 2842 1381 2900 ad
1403 2842 1547 2901 beatissi-

314 2948 398 3002 mam,
422 2932 519 2988 tamen
543 2930 580 2988 ad
595 2930 712 2989 beatam
727 2930 817 2989 vitam
841 2931 916 3005 (cap.
934 2931 1064 3005 7—13).
1110 2930 1223 2989 Deinde
1247 2932 1348 2990 multis
1372 2948 1438 2989 cum
1454 2949 1547 3006 argu-

313 3019 419 3079 mentis
442 3022 506 3078 tum
522 3020 660 3093 exemplis
675 3019 825 3080 hominum
849 3021 878 3077 et
892 3018 1062 3079 vitiosorum
1086 3022 1115 3078 11
1136 3020 1253 3079 virtutis
1276 3021 1363 3079 laude
1383 3020 1548 3080 illustrium

314 3110 493 3170 demonstrat
521 3109 658 3168 virtutem
687 3109 800 3168 efficere
831 3108 978 3169 hominem
1013 3125 1073 3168 non
1103 3110 1197 3169 solum
1230 3109 1363 3182 beatum,
1398 3110 1478 3183 quod
1505 3111 1549 3169 sit

314 3197 419 3257 Stoicis
450 3215 515 3256 cum
538 3198 712 3257 Academiae
742 3198 848 3256 veteris
878 3197 1062 3272 philosophis
1091 3201 1121 3256 et
1147 3198 1351 3272 Peripateticis
1381 3215 1547 3272 commune,

313 3287 366 3345 sed
390 3286 477 3345 etiam
491 3286 692 3346 beatissimum
706 3287 754 3345 111
775 3286 808 3345 11
831 3287 962 3345 cruciatu
986 3289 1014 3346 11
1036 3287 1195 3359 tormentis,
1220 3288 1299 3361 quod
1322 3289 1422 3347 contra
1443 3288 1550 3348 dicant

313 3375 459 3434 Platonici
489 3377 518 3433 01
541 3375 743 3449 Peripatetici,
774 3376 824 3449 qui
846 3376 954 3435 virtute
978 3376 1096 3450 quidem
1124 3376 1242 3435 beatam
1264 3376 1355 3436 vitam
1379 3393 1442 3435 esse
1474 3394 1548 3437 oon-

312 3465 454 3536 tendant,
484 3464 537 3522 sed
567 3464 731 3525 accessione
754 3464 897 3526 bonorum
921 3465 1049 3539 corporis
1073 3467 1102 3523 et
1124 3466 1258 3524 fortunae
1289 3465 1352 3525 fieri
1381 3465 1549 3527 beatiorem

311 3555 390 3628 (cap.
408 3554 559 3627 14-28).
604 3555 754 3613 Postremo
779 3553 923 3612 subicitur
944 3554 1034 3628 longa
1058 3554 1226 3628 disputatio,
1250 3573 1308 3629 qna
1330 3554 1414 3614 initio
1439 3556 1549 3615 aPla·

312 3641 420 3702 tonicis
436 3644 465 3700 et
480 3642 684 3716 Peripateticis
699 3643 775 3701 facto
793 3642 964 3715 ostenditur,
988 3660 1044 3717 qno
1069 3644 1153 3703 modo
1177 3646 1211 3703 11
1227 3646 1387 3704 ceterorum
1403 3643 1548 3719 omnium,

311 3731 356 3790 ita
384 3730 415 3790 in
446 3730 548 3805 primis
571 3731 780 3805 Epicureorum
803 3732 838 3790 de
867 3732 925 3791 fine
955 3732 1097 3791 bonorum
1127 3734 1289 3792 sententiae
1313 3734 1549 3794 consentaneum

313 3823 399 3895 putet
421 3820 568 3894 sapientes
591 3838 705 3895 semper
726 3821 911 3880 beatissimos
935 3821 1030 3880 dicere
1053 3821 1128 3895 (cap.
1154 3824 1306 3899 29-41).

381 4121 443 4171 Die
461 4121 647 4183 Elinleitung
665 4117 722 4187 (das
741 4117 917 4186 Vorwort,
942 4118 1094 4184 exordium,
1119 4118 1299 4188 prooemium)
1318 4119 1366 4173 des
1388 4119 1415 4174 5.
1434 4118 1550 4176 Buchee

308 4197 436 4267 (‚,Uber
455 4210 506 4259 die
524 4209 682 4261 Autarkie
700 4210 758 4261 der
776 4212 945 4273 Tugend‘b
965 4207 1107 4261 behandelt
1125 4209 1150 4275 (ᾗ
1172 4210 1268 4276 1-12)
1286 4208 1329 4261 die
1344 4207 1551 4280 Verlmiipfung

308 4292 362 4345 der
374 4292 489 4361 Biichor,
508 4294 551 4347 die
565 4294 798 4364 Gegenwidmung,
817 4296 859 4349 die
873 4296 1095 4365 Rechtfertiguug
1113 4297 1161 4350 der
1179 4296 1411 4365 philosophischen
1427 4297 1550 4353 Schrift-

307 4379 430 4434 >stellerei
449 4380 556 4436 Ciceros
577 4384 632 4437 und
650 4384 738 4438 seinos
757 4383 960 4439 Ellelrtizismus
978 4385 1028 4438 mit
1046 4386 1133 4439 einem
1150 4385 1377 4455 geschichtliohen
1396 4375 1550 4443 Uberblich

308 4467 391 4537 (iiber
409 4476 495 4542 σοφοὶ
513 4471 568 4524 und
588 4473 750 4546 φιλόσοφοι)
769 4473 823 4526 und
847 4473 909 4527 dem
934 4474 1008 4528 locus
1033 4475 1187 4528 eommunis
1212 4474 1281 4529 iiber
1303 4474 1347 4529 die
1365 4474 1552 4547 Wichtigkeit
