<?xml version="1.0" encoding="UTF-8"?>
<!DOCTYPE html PUBLIC "-//W3C//DTD XHTML 1.0 Transitional//EN"
    "http://www.w3.org/TR/xhtml1/DTD/xhtml1-transitional.dtd">
<html xmlns="http://www.w3.org/1999/xhtml" xml:lang="en" lang="en">
 <head>
  <title>
</title>
<meta http-equiv="Content-Type" content="text/html;charset=utf-8" />
  <meta name='ocr-system' content='tesseract 3.04.00' />
  <meta name='ocr-capabilities' content='ocr_page ocr_carea ocr_par ocr_line ocrx_word'/>
</head>
<body>
  <div class='ocr_page' id='page_1' title='image "./mtulliiciceroni71cicegoog/mtulliiciceroni71cicegoog_0174.png"; bbox 0 0 3642 5225; ppageno 0'>
   <div class='ocr_carea' id='block_1_1' title="bbox 308 559 1138 628">
    <p class='ocr_par' dir='ltr' id='par_1_1' title="bbox 308 559 1138 628">
     <span class='ocr_line' id='line_1_1' title="bbox 308 559 1138 628; baseline -0.013 -6"><span class='ocrx_word' id='word_1_1' title='bbox 308 560 360 624; x_wconf 74' lang='lat'>1⁶8</span> <span class='ocrx_word' id='word_1_2' title='bbox 704 561 911 615; x_wconf 78' lang='lat' dir='ltr'>Drsoulanarum</span> <span class='ocrx_word' id='word_1_3' title='bbox 931 559 1138 628; x_wconf 81' lang='lat' dir='ltr'><strong>disputationum</strong></span> 
     </span>
    </p>
   </div>
   <div class='ocr_carea' id='block_1_2' title="bbox 268 720 1562 3051">
    <p class='ocr_par' dir='ltr' id='par_1_2' title="bbox 268 720 1562 3051">
     <span class='ocr_line' id='line_1_2' title="bbox 307 720 1554 808; baseline -0.004 -19"><span class='ocrx_word' id='word_1_4' title='bbox 307 726 395 789; x_wconf 91' lang='lat' dir='ltr'>ribus</span> <span class='ocrx_word' id='word_1_5' title='bbox 419 724 465 788; x_wconf 92' lang='lat' dir='ltr'>sic</span> <span class='ocrx_word' id='word_1_6' title='bbox 488 725 642 808; x_wconf 89' lang='lat' dir='ltr'>scriptum</span> <span class='ocrx_word' id='word_1_7' title='bbox 666 724 859 806; x_wconf 92' lang='lat' dir='ltr'>accepimus,</span> <span class='ocrx_word' id='word_1_8' title='bbox 889 741 1049 787; x_wconf 92' lang='lat' dir='ltr'>summam</span> <span class='ocrx_word' id='word_1_9' title='bbox 1076 721 1174 786; x_wconf 83' lang='lat' dir='ltr'>fuisse</span> <span class='ocrx_word' id='word_1_10' title='bbox 1198 720 1266 785; x_wconf 90' lang='lat' dir='ltr'>eius</span> <span class='ocrx_word' id='word_1_11' title='bbox 1290 721 1323 784; x_wconf 90' lang='lat' dir='ltr'>in</span> <span class='ocrx_word' id='word_1_12' title='bbox 1350 721 1448 786; x_wconf 89' lang='lat' dir='ltr'>victu</span> <span class='ocrx_word' id='word_1_13' title='bbox 1474 722 1554 786; x_wconf 93' lang='lat' dir='ltr'>tem·</span> 
     </span>
     <span class='ocr_line' id='line_1_3' title="bbox 308 827 1554 915; baseline -0.002 -21"><span class='ocrx_word' id='word_1_14' title='bbox 308 832 487 915; x_wconf 87' lang='lat' dir='ltr'>percutiam</span> <span class='ocrx_word' id='word_1_15' title='bbox 510 832 543 894; x_wconf 92' lang='lat' dir='ltr'>in</span> <span class='ocrx_word' id='word_1_16' title='bbox 567 831 725 912; x_wconf 85' lang='lat' dir='ltr'>rebusque</span> <span class='ocrx_word' id='word_1_17' title='bbox 745 829 896 912; x_wconf 89' lang='lat' dir='ltr'>gerundis</span> <span class='ocrx_word' id='word_1_18' title='bbox 920 830 1023 893; x_wconf 88' lang='lat' dir='ltr'>vimm</span> <span class='ocrx_word' id='word_1_19' title='bbox 1048 847 1153 893; x_wconf 89' lang='lat' dir='ltr'>acrem</span> <span class='ocrx_word' id='word_1_20' title='bbox 1177 831 1210 892; x_wconf 93' lang='lat' dir='ltr'>et</span> <span class='ocrx_word' id='word_1_21' title='bbox 1231 827 1450 906; x_wconf 90' lang='lat' dir='ltr'>industrium,</span> <span class='ocrx_word' id='word_1_22' title='bbox 1477 847 1554 892; x_wconf 92' lang='lat' dir='ltr'>cun·</span> 
     </span>
     <span class='ocr_line' id='line_1_4' title="bbox 309 935 1553 1016; baseline -0.002 -14"><span class='ocrx_word' id='word_1_23' title='bbox 309 937 383 1002; x_wconf 87' lang='lat' dir='ltr'>dem</span> <span class='ocrx_word' id='word_1_24' title='bbox 405 940 515 1002; x_wconf 92' lang='lat' dir='ltr'>tamen</span> <span class='ocrx_word' id='word_1_25' title='bbox 537 937 718 1002; x_wconf 90' lang='lat' dir='ltr'>maleficum</span> <span class='ocrx_word' id='word_1_26' title='bbox 741 940 857 1002; x_wconf 91' lang='lat' dir='ltr'>natura</span> <span class='ocrx_word' id='word_1_27' title='bbox 881 939 915 1000; x_wconf 90' lang='lat' dir='ltr'>et</span> <span class='ocrx_word' id='word_1_28' title='bbox 936 936 1102 1001; x_wconf 91' lang='lat' dir='ltr'>iniustum.</span> <span class='ocrx_word' id='word_1_29' title='bbox 1139 935 1187 998; x_wconf 82' lang='lat' dir='ltr'>Dr</span> <span class='ocrx_word' id='word_1_30' title='bbox 1211 954 1272 1016; x_wconf 92' lang='lat' dir='ltr'>quo</span> <span class='ocrx_word' id='word_1_31' title='bbox 1296 935 1456 1000; x_wconf 90' lang='lat' dir='ltr'>omnibus</span> <span class='ocrx_word' id='word_1_32' title='bbox 1473 936 1553 1000; x_wconf 89' lang='lat' dir='ltr'>benc</span> 
     </span>
     <span class='ocr_line' id='line_1_5' title="bbox 309 1042 1552 1109; baseline -0.002 -1"><span class='ocrx_word' id='word_1_33' title='bbox 309 1045 478 1109; x_wconf 83' lang='lat' dir='ltr'>veritatem</span> <span class='ocrx_word' id='word_1_34' title='bbox 505 1045 705 1108; x_wconf 89' lang='lat' dir='ltr'>intuentibus</span> <span class='ocrx_word' id='word_1_35' title='bbox 734 1044 832 1108; x_wconf 88' lang='lat' dir='ltr'>videri</span> <span class='ocrx_word' id='word_1_36' title='bbox 863 1062 993 1108; x_wconf 88' lang='lat' dir='ltr'>necesse</span> <span class='ocrx_word' id='word_1_37' title='bbox 1026 1045 1076 1108; x_wconf 88' lang='lat' dir='ltr'>cst</span> <span class='ocrx_word' id='word_1_38' title='bbox 1104 1042 1328 1107; x_wconf 91' lang='lat' dir='ltr'>miserrimum.</span> <span class='ocrx_word' id='word_1_39' title='bbox 1378 1042 1432 1108; x_wconf 83' lang='lat' dir='ltr'>Ea</span> <span class='ocrx_word' id='word_1_40' title='bbox 1467 1043 1552 1108; x_wconf 90' lang='lat' dir='ltr'>enim</span> 
     </span>
     <span class='ocr_line' id='line_1_6' title="bbox 310 1150 1555 1234; baseline 0 -20"><span class='ocrx_word' id='word_1_41' title='bbox 310 1151 389 1234; x_wconf 89' lang='lat' dir='ltr'>ipsa,</span> <span class='ocrx_word' id='word_1_42' title='bbox 413 1169 494 1233; x_wconf 89' lang='lat' dir='ltr'>quae</span> <span class='ocrx_word' id='word_1_43' title='bbox 518 1151 729 1234; x_wconf 77' lang='lat' dir='ltr'>concupierat,</span> <span class='ocrx_word' id='word_1_44' title='bbox 752 1169 792 1215; x_wconf 92' lang='lat' dir='ltr'>ne</span> <span class='ocrx_word' id='word_1_45' title='bbox 815 1151 886 1215; x_wconf 90' lang='lat' dir='ltr'>tum</span> <span class='ocrx_word' id='word_1_46' title='bbox 903 1150 1041 1232; x_wconf 87' lang='lat' dir='ltr'>quidem,</span> <span class='ocrx_word' id='word_1_47' title='bbox 1066 1170 1140 1214; x_wconf 92' lang='lat' dir='ltr'>cum</span> <span class='ocrx_word' id='word_1_48' title='bbox 1164 1150 1270 1214; x_wconf 88' lang='lat' dir='ltr'>omnia</span> <span class='ocrx_word' id='word_1_49' title='bbox 1293 1168 1327 1214; x_wconf 89' lang='lat' dir='ltr'>sc</span> <span class='ocrx_word' id='word_1_50' title='bbox 1352 1169 1455 1232; x_wconf 90' lang='lat' dir='ltr'>posse</span> <span class='ocrx_word' id='word_1_51' title='bbox 1482 1170 1555 1214; x_wconf 33' lang='lat' dir='ltr'>cene</span> 
     </span>
     <span class='ocr_line' id='line_1_7' title="bbox 268 1256 1555 1341; baseline 0 -21"><span class='ocrx_word' id='word_1_52' title='bbox 268 1277 300 1321; x_wconf 76' lang='lat' dir='ltr'>aa</span> <span class='ocrx_word' id='word_1_53' title='bbox 311 1259 411 1336; x_wconf 70' lang='lat' dir='ltr'>sabat,</span> <span class='ocrx_word' id='word_1_54' title='bbox 427 1258 689 1339; x_wconf 91' lang='lat' dir='ltr'>consequebatur.</span> <span class='ocrx_word' id='word_1_55' title='bbox 718 1256 780 1337; x_wconf 83' lang='lat' dir='ltr'>Qui</span> <span class='ocrx_word' id='word_1_56' title='bbox 796 1277 869 1322; x_wconf 89' lang='lat' dir='ltr'>cum</span> <span class='ocrx_word' id='word_1_57' title='bbox 886 1261 971 1322; x_wconf 90' lang='lat' dir='ltr'>esset</span> <span class='ocrx_word' id='word_1_58' title='bbox 986 1258 1075 1321; x_wconf 91' lang='lat' dir='ltr'>bonis</span> <span class='ocrx_word' id='word_1_59' title='bbox 1091 1257 1276 1341; x_wconf 91' lang='lat' dir='ltr'>parentibus</span> <span class='ocrx_word' id='word_1_60' title='bbox 1292 1258 1395 1338; x_wconf 88' lang='lat' dir='ltr'>atque</span> <span class='ocrx_word' id='word_1_61' title='bbox 1412 1257 1555 1321; x_wconf 90' lang='lat' dir='ltr'>honesto</span> 
     </span>
     <span class='ocr_line' id='line_1_8' title="bbox 310 1363 1554 1449; baseline -0.002 -19"><span class='ocrx_word' id='word_1_62' title='bbox 310 1367 380 1430; x_wconf 88' lang='lat' dir='ltr'>loco</span> <span class='ocrx_word' id='word_1_63' title='bbox 403 1367 498 1430; x_wconf 91' lang='lat' dir='ltr'>natus</span> <span class='ocrx_word' id='word_1_64' title='bbox 522 1366 597 1449; x_wconf 91' lang='lat' dir='ltr'>(etsi</span> <span class='ocrx_word' id='word_1_65' title='bbox 618 1364 651 1429; x_wconf 94' lang='lat' dir='ltr'>id</span> <span class='ocrx_word' id='word_1_66' title='bbox 675 1364 805 1447; x_wconf 93' lang='lat' dir='ltr'>quidem</span> <span class='ocrx_word' id='word_1_67' title='bbox 827 1365 910 1430; x_wconf 86' lang='lat' dir='ltr'>alius</span> <span class='ocrx_word' id='word_1_68' title='bbox 934 1364 995 1428; x_wconf 90' lang='lat' dir='ltr'>alio</span> <span class='ocrx_word' id='word_1_69' title='bbox 1018 1365 1111 1430; x_wconf 94' lang='lat' dir='ltr'>modo</span> <span class='ocrx_word' id='word_1_70' title='bbox 1127 1363 1273 1448; x_wconf 74' lang='lat' dir='ltr'><strong>tradidit)</strong></span> <span class='ocrx_word' id='word_1_71' title='bbox 1298 1364 1554 1446; x_wconf 90' lang='lat' dir='ltr'>abundaretque</span> 
     </span>
     <span class='ocr_line' id='line_1_9' title="bbox 313 1471 1557 1554; baseline -0.002 -17"><span class='ocrx_word' id='word_1_72' title='bbox 313 1476 345 1537; x_wconf 92' lang='lat' dir='ltr'>et</span> <span class='ocrx_word' id='word_1_73' title='bbox 361 1473 543 1554; x_wconf 82' lang='lat' dir='ltr'>aequalium</span> <span class='ocrx_word' id='word_1_74' title='bbox 558 1472 828 1536; x_wconf 76' lang='lat' dir='ltr'>familiaritatibus</span> <span class='ocrx_word' id='word_1_75' title='bbox 845 1473 878 1536; x_wconf 90' lang='lat' dir='ltr'>et</span> <span class='ocrx_word' id='word_1_76' title='bbox 893 1471 1122 1536; x_wconf 90' lang='lat' dir='ltr'>consuetudine</span> <span class='ocrx_word' id='word_1_77' title='bbox 1135 1471 1397 1554; x_wconf 90' lang='lat' dir='ltr'>propinquorum,</span> <span class='ocrx_word' id='word_1_78' title='bbox 1413 1471 1557 1536; x_wconf 86' lang='lat' dir='ltr'>haberet</span> 
     </span>
     <span class='ocr_line' id='line_1_10' title="bbox 314 1578 1554 1661; baseline -0.002 -16"><span class='ocrx_word' id='word_1_79' title='bbox 314 1581 412 1645; x_wconf 89' lang='lat' dir='ltr'>etiam</span> <span class='ocrx_word' id='word_1_80' title='bbox 434 1599 522 1644; x_wconf 90' lang='lat' dir='ltr'>more</span> <span class='ocrx_word' id='word_1_81' title='bbox 539 1579 690 1645; x_wconf 78' lang='lat' dir='ltr'>Graeciae</span> <span class='ocrx_word' id='word_1_82' title='bbox 708 1580 864 1661; x_wconf 90' lang='lat' dir='ltr'>quosdam</span> <span class='ocrx_word' id='word_1_83' title='bbox 880 1580 1102 1643; x_wconf 76' lang='lat' dir='ltr'>adulescentes</span> <span class='ocrx_word' id='word_1_84' title='bbox 1126 1597 1232 1642; x_wconf 90' lang='lat' dir='ltr'>amore</span> <span class='ocrx_word' id='word_1_85' title='bbox 1257 1578 1461 1656; x_wconf 91' lang='lat' dir='ltr'>coniunctos,</span> <span class='ocrx_word' id='word_1_86' title='bbox 1487 1598 1554 1643; x_wconf 92' lang='lat' dir='ltr'>ere·</span> 
     </span>
     <span class='ocr_line' id='line_1_11' title="bbox 314 1685 1555 1768; baseline -0.001 -17"><span class='ocrx_word' id='word_1_87' title='bbox 314 1688 410 1752; x_wconf 89' lang='lat' dir='ltr'>debat</span> <span class='ocrx_word' id='word_1_88' title='bbox 433 1706 542 1751; x_wconf 90' lang='lat' dir='ltr'>eorum</span> <span class='ocrx_word' id='word_1_89' title='bbox 564 1687 697 1763; x_wconf 89' lang='lat' dir='ltr'>nemini,</span> <span class='ocrx_word' id='word_1_90' title='bbox 728 1686 782 1750; x_wconf 92' lang='lat' dir='ltr'>sed</span> <span class='ocrx_word' id='word_1_91' title='bbox 805 1686 858 1762; x_wconf 91' lang='lat' dir='ltr'>iis,</span> <span class='ocrx_word' id='word_1_92' title='bbox 887 1705 966 1768; x_wconf 92' lang='lat' dir='ltr'>quos</span> <span class='ocrx_word' id='word_1_93' title='bbox 990 1705 1027 1750; x_wconf 84' lang='lat' dir='ltr'>er</span> <span class='ocrx_word' id='word_1_94' title='bbox 1051 1685 1180 1750; x_wconf 86' lang='lat' dir='ltr'>familiis</span> <span class='ocrx_word' id='word_1_95' title='bbox 1203 1685 1416 1768; x_wconf 77' lang='lat' dir='ltr'>locupletium</span> <span class='ocrx_word' id='word_1_96' title='bbox 1440 1705 1555 1751; x_wconf 81' lang='lat' dir='ltr'>servos</span> 
     </span>
     <span class='ocr_line' id='line_1_12' title="bbox 315 1792 1554 1877; baseline -0.001 -19"><span class='ocrx_word' id='word_1_97' title='bbox 315 1794 490 1875; x_wconf 82' lang='lat' dir='ltr'>delegerat,</span> <span class='ocrx_word' id='word_1_98' title='bbox 514 1793 628 1874; x_wconf 90' lang='lat' dir='ltr'>quibus</span> <span class='ocrx_word' id='word_1_99' title='bbox 652 1812 767 1858; x_wconf 91' lang='lat' dir='ltr'>nomen</span> <span class='ocrx_word' id='word_1_100' title='bbox 792 1793 956 1858; x_wconf 84' lang='lat' dir='ltr'>servitutis</span> <span class='ocrx_word' id='word_1_101' title='bbox 979 1793 1046 1877; x_wconf 92' lang='lat' dir='ltr'>ipse</span> <span class='ocrx_word' id='word_1_102' title='bbox 1072 1793 1265 1870; x_wconf 83' lang='lat' dir='ltr'>detraxerat,</span> <span class='ocrx_word' id='word_1_103' title='bbox 1294 1794 1327 1856; x_wconf 91' lang='lat' dir='ltr'>et</span> <span class='ocrx_word' id='word_1_104' title='bbox 1350 1792 1554 1873; x_wconf 87' lang='lat' dir='ltr'>quibusdam</span> 
     </span>
     <span class='ocr_line' id='line_1_13' title="bbox 316 1899 1556 1983; baseline -0.002 -18"><span class='ocrx_word' id='word_1_105' title='bbox 316 1900 463 1965; x_wconf 88' lang='lat' dir='ltr'>convenis</span> <span class='ocrx_word' id='word_1_106' title='bbox 493 1901 527 1964; x_wconf 90' lang='lat' dir='ltr'>et</span> <span class='ocrx_word' id='word_1_107' title='bbox 556 1900 631 1964; x_wconf 88' lang='lat' dir='ltr'>feris</span> <span class='ocrx_word' id='word_1_108' title='bbox 661 1901 804 1966; x_wconf 91' lang='lat' dir='ltr'>barbaris</span> <span class='ocrx_word' id='word_1_109' title='bbox 836 1900 975 1983; x_wconf 89' lang='lat' dir='ltr'>corporis</span> <span class='ocrx_word' id='word_1_110' title='bbox 1005 1900 1183 1964; x_wconf 86' lang='lat' dir='ltr'>custodiam</span> <span class='ocrx_word' id='word_1_111' title='bbox 1213 1899 1449 1964; x_wconf 85' lang='lat' dir='ltr'>committebat</span> <span class='ocrx_word' id='word_1_112' title='bbox 1504 1899 1556 1963; x_wconf 93' lang='lat' dir='ltr'>Ita</span> 
     </span>
     <span class='ocr_line' id='line_1_14' title="bbox 315 2006 1558 2092; baseline -0.002 -20"><span class='ocrx_word' id='word_1_113' title='bbox 315 2010 445 2092; x_wconf 88' lang='lat' dir='ltr'>propter</span> <span class='ocrx_word' id='word_1_114' title='bbox 460 2008 613 2072; x_wconf 90' lang='lat' dir='ltr'>iniustam</span> <span class='ocrx_word' id='word_1_115' title='bbox 629 2007 811 2071; x_wconf 93' lang='lat' dir='ltr'>dominatus</span> <span class='ocrx_word' id='word_1_116' title='bbox 827 2007 1034 2090; x_wconf 89' lang='lat' dir='ltr'>cupiditatem</span> <span class='ocrx_word' id='word_1_117' title='bbox 1058 2007 1091 2071; x_wconf 94' lang='lat' dir='ltr'>in</span> <span class='ocrx_word' id='word_1_118' title='bbox 1115 2025 1273 2071; x_wconf 92' lang='lat' dir='ltr'>carcerem</span> <span class='ocrx_word' id='word_1_119' title='bbox 1290 2006 1434 2088; x_wconf 90' lang='lat' dir='ltr'>quodam</span> <span class='ocrx_word' id='word_1_120' title='bbox 1458 2007 1558 2071; x_wconf 93' lang='lat' dir='ltr'>modo</span> 
     </span>
     <span class='ocr_line' id='line_1_15' title="bbox 316 2113 1559 2199; baseline 0 -21"><span class='ocrx_word' id='word_1_121' title='bbox 316 2116 383 2199; x_wconf 90' lang='lat' dir='ltr'>ipse</span> <span class='ocrx_word' id='word_1_122' title='bbox 415 2134 448 2179; x_wconf 91' lang='lat' dir='ltr'>sc</span> <span class='ocrx_word' id='word_1_123' title='bbox 476 2115 659 2179; x_wconf 88' lang='lat' dir='ltr'>incluserat.</span> <span class='ocrx_word' id='word_1_124' title='bbox 705 2113 927 2194; x_wconf 80' lang='lat' dir='ltr'>Quinetiam,</span> <span class='ocrx_word' id='word_1_125' title='bbox 956 2133 996 2177; x_wconf 92' lang='lat' dir='ltr'>ne</span> <span class='ocrx_word' id='word_1_126' title='bbox 1026 2113 1146 2177; x_wconf 88' lang='lat' dir='ltr'>tonsori</span> <span class='ocrx_word' id='word_1_127' title='bbox 1175 2114 1292 2178; x_wconf 91' lang='lat' dir='ltr'>collum</span> <span class='ocrx_word' id='word_1_128' title='bbox 1320 2114 1559 2190; x_wconf 86' lang='lat' dir='ltr'>committeret,</span> 
     </span>
     <span class='ocr_line' id='line_1_16' title="bbox 317 2219 1559 2304; baseline -0.001 -18"><span class='ocrx_word' id='word_1_129' title='bbox 317 2222 448 2287; x_wconf 91' lang='lat' dir='ltr'>tondere</span> <span class='ocrx_word' id='word_1_130' title='bbox 472 2222 553 2286; x_wconf 88' lang='lat' dir='ltr'>filias</span> <span class='ocrx_word' id='word_1_131' title='bbox 577 2241 651 2286; x_wconf 92' lang='lat' dir='ltr'>suas</span> <span class='ocrx_word' id='word_1_132' title='bbox 675 2222 790 2286; x_wconf 91' lang='lat' dir='ltr'>docuit.</span> <span class='ocrx_word' id='word_1_133' title='bbox 827 2222 880 2285; x_wconf 90' lang='lat' dir='ltr'>Ita</span> <span class='ocrx_word' id='word_1_134' title='bbox 904 2221 1028 2285; x_wconf 91' lang='lat' dir='ltr'>sordido</span> <span class='ocrx_word' id='word_1_135' title='bbox 1053 2221 1258 2302; x_wconf 91' lang='lat' dir='ltr'>ancillarique</span> <span class='ocrx_word' id='word_1_136' title='bbox 1283 2219 1420 2285; x_wconf 91' lang='lat' dir='ltr'>artificio</span> <span class='ocrx_word' id='word_1_137' title='bbox 1444 2222 1559 2304; x_wconf 88' lang='lat' dir='ltr'>regiae</span> 
     </span>
     <span class='ocr_line' id='line_1_17' title="bbox 317 2327 1559 2410; baseline -0.002 -17"><span class='ocrx_word' id='word_1_138' title='bbox 317 2329 456 2410; x_wconf 83' lang='lat' dir='ltr'>virgines</span> <span class='ocrx_word' id='word_1_139' title='bbox 479 2332 517 2391; x_wconf 93' lang='lat' dir='ltr'>ut</span> <span class='ocrx_word' id='word_1_140' title='bbox 539 2328 746 2392; x_wconf 87' lang='lat' dir='ltr'>tonstriculae</span> <span class='ocrx_word' id='word_1_141' title='bbox 770 2327 945 2392; x_wconf 87' lang='lat' dir='ltr'>tondebant</span> <span class='ocrx_word' id='word_1_142' title='bbox 967 2328 1100 2392; x_wconf 92' lang='lat' dir='ltr'>barbam</span> <span class='ocrx_word' id='word_1_143' title='bbox 1123 2330 1157 2393; x_wconf 93' lang='lat' dir='ltr'>et</span> <span class='ocrx_word' id='word_1_144' title='bbox 1180 2327 1330 2410; x_wconf 88' lang='lat' dir='ltr'>capillum</span> <span class='ocrx_word' id='word_1_145' title='bbox 1354 2328 1471 2410; x_wconf 86' lang='lat' dir='ltr'>patris.</span> <span class='ocrx_word' id='word_1_146' title='bbox 1514 2329 1559 2392; x_wconf 88' lang='lat' dir='ltr'>Ilt</span> 
     </span>
     <span class='ocr_line' id='line_1_18' title="bbox 318 2434 1559 2519; baseline 0 -21"><span class='ocrx_word' id='word_1_147' title='bbox 318 2438 427 2500; x_wconf 90' lang='lat' dir='ltr'>tamen</span> <span class='ocrx_word' id='word_1_148' title='bbox 451 2436 490 2500; x_wconf 93' lang='lat' dir='ltr'>ab</span> <span class='ocrx_word' id='word_1_149' title='bbox 513 2436 564 2499; x_wconf 90' lang='lat' dir='ltr'>his</span> <span class='ocrx_word' id='word_1_150' title='bbox 587 2435 678 2519; x_wconf 93' lang='lat' dir='ltr'>ipsis,</span> <span class='ocrx_word' id='word_1_151' title='bbox 706 2454 779 2499; x_wconf 91' lang='lat' dir='ltr'>cum</span> <span class='ocrx_word' id='word_1_152' title='bbox 807 2435 872 2498; x_wconf 94' lang='lat' dir='ltr'>iam</span> <span class='ocrx_word' id='word_1_153' title='bbox 896 2437 1004 2499; x_wconf 88' lang='lat' dir='ltr'>essent</span> <span class='ocrx_word' id='word_1_154' title='bbox 1028 2435 1171 2511; x_wconf 90' lang='lat' dir='ltr'>adultae,</span> <span class='ocrx_word' id='word_1_155' title='bbox 1198 2434 1317 2499; x_wconf 83' lang='lat' dir='ltr'>ferrum</span> <span class='ocrx_word' id='word_1_156' title='bbox 1341 2434 1485 2499; x_wconf 85' lang='lat' dir='ltr'>removit</span> <span class='ocrx_word' id='word_1_157' title='bbox 1509 2436 1559 2498; x_wconf 94' lang='lat' dir='ltr'>in-</span> 
     </span>
     <span class='ocr_line' id='line_1_19' title="bbox 319 2541 1562 2627; baseline 0 -22"><span class='ocrx_word' id='word_1_158' title='bbox 319 2543 497 2626; x_wconf 88' lang='lat' dir='ltr'>stituitque,</span> <span class='ocrx_word' id='word_1_159' title='bbox 520 2544 558 2606; x_wconf 91' lang='lat' dir='ltr'>ut</span> <span class='ocrx_word' id='word_1_160' title='bbox 581 2541 788 2606; x_wconf 89' lang='lat' dir='ltr'>candentibus</span> <span class='ocrx_word' id='word_1_161' title='bbox 811 2542 1011 2625; x_wconf 88' lang='lat' dir='ltr'>iuglandium</span> <span class='ocrx_word' id='word_1_162' title='bbox 1033 2542 1253 2627; x_wconf 86' lang='lat' dir='ltr'>putaminibus</span> <span class='ocrx_word' id='word_1_163' title='bbox 1275 2542 1411 2605; x_wconf 87' lang='lat' dir='ltr'>barbam</span> <span class='ocrx_word' id='word_1_164' title='bbox 1437 2542 1501 2607; x_wconf 92' lang='lat' dir='ltr'>sibi</span> <span class='ocrx_word' id='word_1_165' title='bbox 1526 2544 1562 2606; x_wconf 90' lang='lat' dir='ltr'>et</span> 
     </span>
     <span class='ocr_line' id='line_1_20' title="bbox 277 2649 1560 2733; baseline 0.001 -21"><span class='ocrx_word' id='word_1_166' title='bbox 277 2651 470 2733; x_wconf 79' lang='lat' dir='ltr'>cacapillum</span> <span class='ocrx_word' id='word_1_167' title='bbox 495 2651 674 2714; x_wconf 88' lang='lat' dir='ltr'>adurerent.</span> <span class='ocrx_word' id='word_1_168' title='bbox 721 2649 866 2731; x_wconf 83' lang='lat' dir='ltr'>Cumque</span> <span class='ocrx_word' id='word_1_169' title='bbox 891 2650 971 2714; x_wconf 90' lang='lat' dir='ltr'>duas</span> <span class='ocrx_word' id='word_1_170' title='bbox 995 2669 1107 2715; x_wconf 82' lang='lat' dir='ltr'>uxores</span> <span class='ocrx_word' id='word_1_171' title='bbox 1130 2650 1272 2727; x_wconf 92' lang='lat' dir='ltr'>haberet,</span> <span class='ocrx_word' id='word_1_172' title='bbox 1296 2649 1560 2725; x_wconf 77' lang='lat' dir='ltr'>Aristomachen,</span> 
     </span>
     <span class='ocr_line' id='line_1_21' title="bbox 321 2756 1561 2833; baseline 0.001 -13"><span class='ocrx_word' id='word_1_173' title='bbox 321 2757 421 2821; x_wconf 84' lang='lat' dir='ltr'>civem</span> <span class='ocrx_word' id='word_1_174' title='bbox 445 2775 550 2832; x_wconf 90' lang='lat' dir='ltr'>suam,</span> <span class='ocrx_word' id='word_1_175' title='bbox 578 2757 729 2820; x_wconf 86' lang='lat' dir='ltr'>Doridem</span> <span class='ocrx_word' id='word_1_176' title='bbox 753 2760 861 2821; x_wconf 91' lang='lat' dir='ltr'>autem</span> <span class='ocrx_word' id='word_1_177' title='bbox 885 2758 1089 2833; x_wconf 87' lang='lat' dir='ltr'>Locrensem,</span> <span class='ocrx_word' id='word_1_178' title='bbox 1118 2757 1163 2821; x_wconf 90' lang='lat' dir='ltr'>sic</span> <span class='ocrx_word' id='word_1_179' title='bbox 1185 2759 1282 2821; x_wconf 90' lang='lat' dir='ltr'>noctu</span> <span class='ocrx_word' id='word_1_180' title='bbox 1305 2756 1344 2819; x_wconf 90' lang='lat' dir='ltr'>ad</span> <span class='ocrx_word' id='word_1_181' title='bbox 1369 2775 1428 2820; x_wconf 89' lang='lat' dir='ltr'>eas</span> <span class='ocrx_word' id='word_1_182' title='bbox 1452 2758 1561 2822; x_wconf 84' lang='lat' dir='ltr'>renti·</span> 
     </span>
     <span class='ocr_line' id='line_1_22' title="bbox 321 2861 1561 2946; baseline 0.002 -20"><span class='ocrx_word' id='word_1_183' title='bbox 321 2863 420 2941; x_wconf 87' lang='lat' dir='ltr'>tabat,</span> <span class='ocrx_word' id='word_1_184' title='bbox 443 2867 480 2927; x_wconf 92' lang='lat' dir='ltr'>ut</span> <span class='ocrx_word' id='word_1_185' title='bbox 503 2864 609 2927; x_wconf 92' lang='lat' dir='ltr'>omnia</span> <span class='ocrx_word' id='word_1_186' title='bbox 631 2864 850 2946; x_wconf 89' lang='lat' dir='ltr'>specularetur</span> <span class='ocrx_word' id='word_1_187' title='bbox 873 2867 906 2927; x_wconf 92' lang='lat' dir='ltr'>et</span> <span class='ocrx_word' id='word_1_188' title='bbox 929 2866 1183 2946; x_wconf 85' lang='lat' dir='ltr'>perscrutaretur</span> <span class='ocrx_word' id='word_1_189' title='bbox 1206 2866 1290 2927; x_wconf 92' lang='lat' dir='ltr'>ante.</span> <span class='ocrx_word' id='word_1_190' title='bbox 1323 2861 1367 2926; x_wconf 83' lang='lat' dir='ltr'>Dt</span> <span class='ocrx_word' id='word_1_191' title='bbox 1390 2882 1471 2927; x_wconf 91' lang='lat' dir='ltr'>cum</span> <span class='ocrx_word' id='word_1_192' title='bbox 1494 2863 1561 2928; x_wconf 87' lang='lat' dir='ltr'>fos·</span> 
     </span>
     <span class='ocr_line' id='line_1_23' title="bbox 322 2969 1562 3051; baseline 0.001 -17"><span class='ocrx_word' id='word_1_193' title='bbox 322 2989 390 3035; x_wconf 92' lang='lat' dir='ltr'>sam</span> <span class='ocrx_word' id='word_1_194' title='bbox 419 2971 519 3035; x_wconf 89' lang='lat' dir='ltr'>latam</span> <span class='ocrx_word' id='word_1_195' title='bbox 547 2971 720 3036; x_wconf 86' lang='lat' dir='ltr'>cubiculari</span> <span class='ocrx_word' id='word_1_196' title='bbox 747 2972 829 3035; x_wconf 88' lang='lat' dir='ltr'>lecto</span> <span class='ocrx_word' id='word_1_197' title='bbox 858 2970 1121 3035; x_wconf 86' lang='lat' dir='ltr'>circumdedisset</span> <span class='ocrx_word' id='word_1_198' title='bbox 1151 2970 1282 3051; x_wconf 90' lang='lat' dir='ltr'>eiusque</span> <span class='ocrx_word' id='word_1_199' title='bbox 1305 2969 1411 3034; x_wconf 88' lang='lat' dir='ltr'>fossae</span> <span class='ocrx_word' id='word_1_200' title='bbox 1438 2971 1562 3035; x_wconf 89' lang='lat' dir='ltr'>transi-</span> 
     </span>
    </p>
   </div>
   <div class='ocr_carea' id='block_1_3' title="bbox 321 3163 1572 4666">
    <p class='ocr_par' dir='ltr' id='par_1_3' title="bbox 321 3163 1564 3774">
     <span class='ocr_line' id='line_1_24' title="bbox 321 3163 1562 3235; baseline -0.002 -13"><span class='ocrx_word' id='word_1_201' title='bbox 321 3167 458 3235; x_wconf 88' lang='lat' dir='ltr'>Philistus,</span> <span class='ocrx_word' id='word_1_202' title='bbox 477 3183 498 3221; x_wconf 88' lang='lat' dir='ltr'>s.</span> <span class='ocrx_word' id='word_1_203' title='bbox 517 3183 540 3221; x_wconf 89' lang='lat' dir='ltr'>o.</span> <span class='ocrx_word' id='word_1_204' title='bbox 560 3197 593 3205; x_wconf 94' lang='lat'>—</span> <span class='ocrx_word' id='word_1_205' title='bbox 613 3165 831 3235; x_wconf 79' lang='lat' dir='ltr'>tempercmicm]</span> <span class='ocrx_word' id='word_1_206' title='bbox 851 3164 1052 3235; x_wconf 73' lang='lat' dir='ltr'>„Mtssiglreit“,</span> <span class='ocrx_word' id='word_1_207' title='bbox 1072 3180 1092 3218; x_wconf 91' lang='lat' dir='ltr'>s.</span> <span class='ocrx_word' id='word_1_208' title='bbox 1113 3163 1251 3220; x_wconf 85' lang='lat' dir='ltr'>Cornelius</span> <span class='ocrx_word' id='word_1_209' title='bbox 1264 3164 1331 3233; x_wconf 86' lang='lat' dir='ltr'>Nep.</span> <span class='ocrx_word' id='word_1_210' title='bbox 1351 3163 1385 3217; x_wconf 90' lang='lat' dir='ltr'>de</span> <span class='ocrx_word' id='word_1_211' title='bbox 1403 3180 1462 3233; x_wconf 89' lang='lat' dir='ltr'>reg.</span> <span class='ocrx_word' id='word_1_212' title='bbox 1477 3168 1504 3219; x_wconf 80' lang='lat'>2.</span> <span class='ocrx_word' id='word_1_213' title='bbox 1526 3196 1562 3205; x_wconf 98' lang='lat'>—</span> 
     </span>
     <span class='ocr_line' id='line_1_25' title="bbox 323 3251 1561 3324; baseline -0.004 -13"><span class='ocrx_word' id='word_1_214' title='bbox 323 3258 385 3311; x_wconf 82' lang='lat' dir='ltr'>bene</span> <span class='ocrx_word' id='word_1_215' title='bbox 407 3256 546 3311; x_wconf 62' lang='lat' dir='ltr'>sevitutem</span> <span class='ocrx_word' id='word_1_216' title='bbox 569 3255 737 3309; x_wconf 66' lang='lat' dir='ltr'>intuentihus</span> <span class='ocrx_word' id='word_1_217' title='bbox 756 3258 853 3324; x_wconf 85' lang='lat' dir='ltr'>(genau</span> <span class='ocrx_word' id='word_1_218' title='bbox 870 3254 1029 3322; x_wconf 81' lang='lat' dir='ltr'>batrachtet)</span> <span class='ocrx_word' id='word_1_219' title='bbox 1114 3253 1316 3321; x_wconf 65' lang='lat' dir='ltr'>miseratorem]</span> <span class='ocrx_word' id='word_1_220' title='bbox 1339 3251 1391 3305; x_wconf 86' lang='lat' dir='ltr'>Bai</span> <span class='ocrx_word' id='word_1_221' title='bbox 1409 3252 1483 3323; x_wconf 87' lang='lat' dir='ltr'>Nep.</span> <span class='ocrx_word' id='word_1_222' title='bbox 1503 3252 1523 3307; x_wconf 89' lang='lat' dir='ltr'>l.</span> <span class='ocrx_word' id='word_1_223' title='bbox 1541 3253 1561 3306; x_wconf 93' lang='lat' dir='ltr'>l.</span> 
     </span>
     <span class='ocr_line' id='line_1_26' title="bbox 325 3341 1563 3415; baseline -0.002 -15"><span class='ocrx_word' id='word_1_224' title='bbox 325 3347 368 3401; x_wconf 91' lang='lat' dir='ltr'>ein</span> <span class='ocrx_word' id='word_1_225' title='bbox 385 3363 452 3415; x_wconf 87' lang='lat' dir='ltr'>ganz</span> <span class='ocrx_word' id='word_1_226' title='bbox 471 3347 582 3399; x_wconf 88' lang='lat' dir='ltr'>anderes</span> <span class='ocrx_word' id='word_1_227' title='bbox 600 3345 661 3399; x_wconf 90' lang='lat' dir='ltr'>Bild</span> <span class='ocrx_word' id='word_1_228' title='bbox 679 3361 730 3398; x_wconf 84' lang='lat' dir='ltr'>von</span> <span class='ocrx_word' id='word_1_229' title='bbox 749 3346 798 3398; x_wconf 88' lang='lat' dir='ltr'>der</span> <span class='ocrx_word' id='word_1_230' title='bbox 815 3344 918 3413; x_wconf 85' lang='lat' dir='ltr'>Dionys</span> <span class='ocrx_word' id='word_1_231' title='bbox 935 3342 1121 3398; x_wconf 82' lang='lat' dir='ltr'>traundliohen</span> <span class='ocrx_word' id='word_1_232' title='bbox 1140 3341 1464 3411; x_wconf 85' lang='lat' dir='ltr'>Geschiohtsohreibung:</span> <span class='ocrx_word' id='word_1_233' title='bbox 1484 3343 1563 3410; x_wconf 89' lang='lat' dir='ltr'>„Hic</span> 
     </span>
     <span class='ocr_line' id='line_1_27' title="bbox 324 3431 1562 3503; baseline -0.005 -12"><span class='ocrx_word' id='word_1_234' title='bbox 324 3453 385 3491; x_wconf 88' lang='lat' dir='ltr'>oum</span> <span class='ocrx_word' id='word_1_235' title='bbox 403 3436 502 3490; x_wconf 86' lang='lat' dir='ltr'>virtute</span> <span class='ocrx_word' id='word_1_236' title='bbox 520 3434 691 3503; x_wconf 86' lang='lat' dir='ltr'>tyrannidem</span> <span class='ocrx_word' id='word_1_237' title='bbox 714 3434 764 3487; x_wconf 88' lang='lat' dir='ltr'>sibi</span> <span class='ocrx_word' id='word_1_238' title='bbox 781 3433 941 3503; x_wconf 82' lang='lat' dir='ltr'>peperisset,</span> <span class='ocrx_word' id='word_1_239' title='bbox 965 3450 1062 3502; x_wconf 86' lang='lat' dir='ltr'>magna</span> <span class='ocrx_word' id='word_1_240' title='bbox 1079 3432 1191 3487; x_wconf 89' lang='lat' dir='ltr'>retinuit</span> <span class='ocrx_word' id='word_1_241' title='bbox 1208 3432 1349 3499; x_wconf 76' lang='lat' dir='ltr'>felicitat03</span> <span class='ocrx_word' id='word_1_242' title='bbox 1374 3431 1464 3486; x_wconf 87' lang='lat' dir='ltr'>maior</span> <span class='ocrx_word' id='word_1_243' title='bbox 1487 3432 1562 3487; x_wconf 88' lang='lat' dir='ltr'>enim</span> 
     </span>
     <span class='ocr_line' id='line_1_28' title="bbox 325 3520 1562 3593; baseline -0.003 -14"><span class='ocrx_word' id='word_1_244' title='bbox 325 3524 462 3593; x_wconf 84' lang='lat' dir='ltr'>sexaginta</span> <span class='ocrx_word' id='word_1_245' title='bbox 480 3540 563 3578; x_wconf 89' lang='lat' dir='ltr'>annos</span> <span class='ocrx_word' id='word_1_246' title='bbox 581 3525 659 3577; x_wconf 90' lang='lat' dir='ltr'>natus</span> <span class='ocrx_word' id='word_1_247' title='bbox 677 3523 791 3576; x_wconf 87' lang='lat' dir='ltr'>decessit</span> <span class='ocrx_word' id='word_1_248' title='bbox 808 3522 924 3577; x_wconf 82' lang='lat' dir='ltr'>florente</span> <span class='ocrx_word' id='word_1_249' title='bbox 943 3538 1024 3591; x_wconf 89' lang='lat' dir='ltr'>regno</span> <span class='ocrx_word' id='word_1_250' title='bbox 1042 3538 1129 3592; x_wconf 87' lang='lat' dir='ltr'>neque</span> <span class='ocrx_word' id='word_1_251' title='bbox 1147 3522 1176 3574; x_wconf 93' lang='lat' dir='ltr'>in</span> <span class='ocrx_word' id='word_1_252' title='bbox 1195 3523 1249 3575; x_wconf 91' lang='lat' dir='ltr'>tam</span> <span class='ocrx_word' id='word_1_253' title='bbox 1268 3520 1359 3575; x_wconf 90' lang='lat' dir='ltr'>multis</span> <span class='ocrx_word' id='word_1_254' title='bbox 1372 3520 1455 3575; x_wconf 91' lang='lat' dir='ltr'>annis</span> <span class='ocrx_word' id='word_1_255' title='bbox 1470 3522 1562 3575; x_wconf 89' lang='lat' dir='ltr'>cuius-</span> 
     </span>
     <span class='ocr_line' id='line_1_29' title="bbox 326 3610 1564 3683; baseline -0.003 -16"><span class='ocrx_word' id='word_1_256' title='bbox 326 3630 406 3683; x_wconf 89' lang='lat' dir='ltr'>quam</span> <span class='ocrx_word' id='word_1_257' title='bbox 429 3630 463 3667; x_wconf 85' lang='lat' dir='ltr'>ex</span> <span class='ocrx_word' id='word_1_258' title='bbox 486 3630 534 3668; x_wconf 87' lang='lat' dir='ltr'>sua</span> <span class='ocrx_word' id='word_1_259' title='bbox 556 3614 638 3683; x_wconf 87' lang='lat' dir='ltr'>stirpe</span> <span class='ocrx_word' id='word_1_260' title='bbox 661 3614 744 3667; x_wconf 82' lang='lat' dir='ltr'>funus</span> <span class='ocrx_word' id='word_1_261' title='bbox 762 3612 840 3680; x_wconf 90' lang='lat' dir='ltr'>vidit,</span> <span class='ocrx_word' id='word_1_262' title='bbox 867 3628 929 3665; x_wconf 91' lang='lat' dir='ltr'>oum</span> <span class='ocrx_word' id='word_1_263' title='bbox 952 3627 985 3664; x_wconf 88' lang='lat' dir='ltr'>ex</span> <span class='ocrx_word' id='word_1_264' title='bbox 1009 3612 1093 3666; x_wconf 91' lang='lat' dir='ltr'>tribus</span> <span class='ocrx_word' id='word_1_265' title='bbox 1115 3610 1245 3664; x_wconf 84' lang='lat' dir='ltr'>uxoribus</span> <span class='ocrx_word' id='word_1_266' title='bbox 1267 3610 1365 3664; x_wconf 90' lang='lat' dir='ltr'>liberos</span> <span class='ocrx_word' id='word_1_267' title='bbox 1388 3612 1564 3678; x_wconf 85' lang='lat' dir='ltr'>procreasset</span> 
     </span>
     <span class='ocr_line' id='line_1_30' title="bbox 326 3704 834 3774; baseline -0.004 -16"><span class='ocrx_word' id='word_1_268' title='bbox 326 3704 456 3774; x_wconf 88' lang='lat' dir='ltr'>multique</span> <span class='ocrx_word' id='word_1_269' title='bbox 474 3704 500 3758; x_wconf 88' lang='lat' dir='ltr'>ei</span> <span class='ocrx_word' id='word_1_270' title='bbox 517 3704 573 3757; x_wconf 91' lang='lat' dir='ltr'>nati</span> <span class='ocrx_word' id='word_1_271' title='bbox 591 3705 681 3757; x_wconf 88' lang='lat' dir='ltr'>essent</span> <span class='ocrx_word' id='word_1_272' title='bbox 698 3705 834 3771; x_wconf 84' lang='lat' dir='ltr'>nepotes.“</span> 
     </span>
    </p>

    <p class='ocr_par' dir='ltr' id='par_1_4' title="bbox 328 3787 1570 4310">
     <span class='ocr_line' id='line_1_31' title="bbox 400 3787 1565 3862; baseline -0.008 -12"><span class='ocrx_word' id='word_1_273' title='bbox 400 3808 440 3852; x_wconf 79' lang='lat' dir='ltr'>cs.</span> <span class='ocrx_word' id='word_1_274' title='bbox 465 3794 540 3848; x_wconf 81' lang='lat' dir='ltr'>alius</span> <span class='ocrx_word' id='word_1_275' title='bbox 564 3794 620 3847; x_wconf 74' lang='lat' dir='ltr'>alto</span> <span class='ocrx_word' id='word_1_276' title='bbox 642 3792 730 3862; x_wconf 72' lang='lat' dir='ltr'>miodo]</span> <span class='ocrx_word' id='word_1_277' title='bbox 755 3791 849 3860; x_wconf 81' lang='lat' dir='ltr'>Dinige</span> <span class='ocrx_word' id='word_1_278' title='bbox 867 3790 1045 3857; x_wconf 80' lang='lat' dir='ltr'>iiberliefcm,</span> <span class='ocrx_word' id='word_1_279' title='bbox 1070 3807 1100 3843; x_wconf 92' lang='lat' dir='ltr'>er</span> <span class='ocrx_word' id='word_1_280' title='bbox 1118 3788 1156 3843; x_wconf 91' lang='lat' dir='ltr'>sei</span> <span class='ocrx_word' id='word_1_281' title='bbox 1175 3788 1317 3843; x_wconf 82' lang='lat' dir='ltr'>Schreiber</span> <span class='ocrx_word' id='word_1_282' title='bbox 1334 3788 1399 3841; x_wconf 90' lang='lat' dir='ltr'>oder</span> <span class='ocrx_word' id='word_1_283' title='bbox 1416 3787 1471 3842; x_wconf 87' lang='lat' dir='ltr'>der</span> <span class='ocrx_word' id='word_1_284' title='bbox 1489 3788 1565 3843; x_wconf 82' lang='lat' dir='ltr'>Sohn</span> 
     </span>
     <span class='ocr_line' id='line_1_32' title="bbox 328 3876 1568 3952; baseline -0.007 -12"><span class='ocrx_word' id='word_1_285' title='bbox 328 3887 402 3941; x_wconf 89' lang='lat' dir='ltr'>eines</span> <span class='ocrx_word' id='word_1_286' title='bbox 415 3883 591 3940; x_wconf 82' lang='lat' dir='ltr'>Fseltreibers</span> <span class='ocrx_word' id='word_1_287' title='bbox 605 3898 735 3952; x_wconf 78' lang='lat' dir='ltr'>genesen.</span> <span class='ocrx_word' id='word_1_288' title='bbox 752 3914 785 3921; x_wconf 92' lang='lat'><em>-</em></span> <span class='ocrx_word' id='word_1_289' title='bbox 803 3880 936 3949; x_wconf 66' lang='lat' dir='ltr'>familias]</span> <span class='ocrx_word' id='word_1_290' title='bbox 956 3878 1193 3945; x_wconf 80' lang='lat' dir='ltr'>Dienersohasten3</span> <span class='ocrx_word' id='word_1_291' title='bbox 1213 3894 1244 3931; x_wconf 91' lang='lat' dir='ltr'>er</span> <span class='ocrx_word' id='word_1_292' title='bbox 1256 3878 1355 3931; x_wconf 90' lang='lat' dir='ltr'>nannte</span> <span class='ocrx_word' id='word_1_293' title='bbox 1374 3876 1450 3930; x_wconf 88' lang='lat' dir='ltr'>diese</span> <span class='ocrx_word' id='word_1_294' title='bbox 1470 3876 1568 3931; x_wconf 74' lang='lat' dir='ltr'>liberti</span> 
     </span>
     <span class='ocr_line' id='line_1_33' title="bbox 328 3967 1568 4050; baseline -0.01 -18"><span class='ocrx_word' id='word_1_295' title='bbox 328 3979 552 4050; x_wconf 75' lang='grc' dir='ltr'>(ἠλευθερωμένοι</span> <span class='ocrx_word' id='word_1_296' title='bbox 566 4004 600 4013; x_wconf 94' lang='grc'>-</span> <span class='ocrx_word' id='word_1_297' title='bbox 614 3972 713 4041; x_wconf 77' lang='lat' dir='ltr'>quibas</span> <span class='ocrx_word' id='word_1_298' title='bbox 729 3988 828 4025; x_wconf 80' lang='lat' dir='ltr'>nomen</span> <span class='ocrx_word' id='word_1_299' title='bbox 893 3970 1043 4024; x_wconf 77' lang='lat' dir='ltr'>detraxerat</span> <span class='ocrx_word' id='word_1_300' title='bbox 1057 3969 1110 4037; x_wconf 69' lang='lat' dir='ltr'>-l,</span> <span class='ocrx_word' id='word_1_301' title='bbox 1129 3973 1297 4023; x_wconf 80' lang='grc' dir='ltr'><strong><em>νεοπολῑται.</em></strong></span> <span class='ocrx_word' id='word_1_302' title='bbox 1316 3997 1350 4005; x_wconf 93' lang='lat'>—-</span> <span class='ocrx_word' id='word_1_303' title='bbox 1369 3967 1568 4037; x_wconf 60' lang='lat' dir='ltr'>mmeramme}</span> 
     </span>
     <span class='ocr_line' id='line_1_34' title="bbox 328 4054 1570 4128; baseline -0.006 -9"><span class='ocrx_word' id='word_1_304' title='bbox 328 4066 376 4119; x_wconf 89' lang='lat' dir='ltr'>das</span> <span class='ocrx_word' id='word_1_305' title='bbox 389 4062 537 4118; x_wconf 90' lang='lat' dir='ltr'>Diminutiv</span> <span class='ocrx_word' id='word_1_306' title='bbox 557 4080 590 4116; x_wconf 92' lang='lat' dir='ltr'>zu</span> <span class='ocrx_word' id='word_1_307' title='bbox 608 4062 747 4116; x_wconf 62' lang='lat' dir='ltr'>tonstrices</span> <span class='ocrx_word' id='word_1_308' title='bbox 762 4060 877 4128; x_wconf 77' lang='lat' dir='ltr'>(torcdere</span> <span class='ocrx_word' id='word_1_309' title='bbox 892 4059 1068 4127; x_wconf 86' lang='lat' dir='ltr'>„sohereu“),</span> <span class='ocrx_word' id='word_1_310' title='bbox 1088 4056 1261 4111; x_wconf 77' lang='lat' dir='ltr'>vertichtlioh.</span> <span class='ocrx_word' id='word_1_311' title='bbox 1293 4055 1348 4109; x_wconf 90' lang='lat' dir='ltr'>Das</span> <span class='ocrx_word' id='word_1_312' title='bbox 1362 4054 1498 4111; x_wconf 80' lang='lat' dir='ltr'>Geschiift</span> <span class='ocrx_word' id='word_1_313' title='bbox 1515 4056 1570 4111; x_wconf 85' lang='lat' dir='ltr'>des</span> 
     </span>
     <span class='ocr_line' id='line_1_35' title="bbox 328 4143 1569 4216; baseline -0.008 -7"><span class='ocrx_word' id='word_1_314' title='bbox 328 4154 469 4209; x_wconf 88' lang='lat' dir='ltr'>Rasierens</span> <span class='ocrx_word' id='word_1_315' title='bbox 487 4153 577 4206; x_wconf 90' lang='lat' dir='ltr'>wurde</span> <span class='ocrx_word' id='word_1_316' title='bbox 600 4152 684 4205; x_wconf 79' lang='lat' dir='ltr'>biters</span> <span class='ocrx_word' id='word_1_317' title='bbox 703 4149 788 4205; x_wconf 89' lang='lat' dir='ltr'>durch</span> <span class='ocrx_word' id='word_1_318' title='bbox 806 4150 911 4203; x_wconf 83' lang='lat' dir='ltr'>Franen</span> <span class='ocrx_word' id='word_1_319' title='bbox 930 4148 1050 4216; x_wconf 80' lang='lat' dir='ltr'>besorgt3</span> <span class='ocrx_word' id='word_1_320' title='bbox 1076 4146 1251 4215; x_wconf 88' lang='lat' dir='ltr'>„tonstricem</span> <span class='ocrx_word' id='word_1_321' title='bbox 1270 4144 1365 4199; x_wconf 86' lang='lat' dir='ltr'>Suram</span> <span class='ocrx_word' id='word_1_322' title='bbox 1387 4143 1493 4198; x_wconf 84' lang='lat' dir='ltr'>novisti</span> <span class='ocrx_word' id='word_1_323' title='bbox 1515 4161 1569 4199; x_wconf 91' lang='lat' dir='ltr'>no·</span> 
     </span>
     <span class='ocr_line' id='line_1_36' title="bbox 329 4239 927 4310; baseline -0.01 -13"><span class='ocrx_word' id='word_1_324' title='bbox 329 4243 442 4310; x_wconf 85' lang='lat' dir='ltr'>stram“,</span> <span class='ocrx_word' id='word_1_325' title='bbox 460 4242 573 4296; x_wconf 90' lang='lat' dir='ltr'>Plautus</span> <span class='ocrx_word' id='word_1_326' title='bbox 590 4239 766 4295; x_wconf 76' lang='lat' dir='ltr'>Truculentus</span> <span class='ocrx_word' id='word_1_327' title='bbox 783 4239 820 4306; x_wconf 89' lang='lat' dir='ltr'>H,</span> <span class='ocrx_word' id='word_1_328' title='bbox 839 4240 865 4306; x_wconf 81' lang='lat'>4,</span> <span class='ocrx_word' id='word_1_329' title='bbox 884 4241 927 4295; x_wconf 82' lang='lat'>51.</span> 
     </span>
    </p>

    <p class='ocr_par' dir='ltr' id='par_1_5' title="bbox 329 4320 1572 4666">
     <span class='ocr_line' id='line_1_37' title="bbox 403 4320 1570 4399; baseline -0.006 -15"><span class='ocrx_word' id='word_1_330' title='bbox 403 4344 443 4386; x_wconf 82' lang='lat' dir='ltr'>sa.</span> <span class='ocrx_word' id='word_1_331' title='bbox 462 4332 532 4385; x_wconf 82' lang='lat' dir='ltr'>duas</span> <span class='ocrx_word' id='word_1_332' title='bbox 550 4331 656 4399; x_wconf 76' lang='lat' dir='ltr'>accras]</span> <span class='ocrx_word' id='word_1_333' title='bbox 675 4330 743 4383; x_wconf 88' lang='lat' dir='ltr'>nach</span> <span class='ocrx_word' id='word_1_334' title='bbox 756 4330 817 4382; x_wconf 90' lang='lat' dir='ltr'>dem</span> <span class='ocrx_word' id='word_1_335' title='bbox 830 4329 899 4383; x_wconf 80' lang='lat' dir='ltr'>Tode</span> <span class='ocrx_word' id='word_1_336' title='bbox 912 4328 1001 4381; x_wconf 89' lang='lat' dir='ltr'>seiner</span> <span class='ocrx_word' id='word_1_337' title='bbox 1015 4328 1105 4381; x_wconf 88' lang='lat' dir='ltr'>ersten</span> <span class='ocrx_word' id='word_1_338' title='bbox 1119 4326 1196 4391; x_wconf 81' lang='lat' dir='ltr'>Fran,</span> <span class='ocrx_word' id='word_1_339' title='bbox 1215 4324 1268 4393; x_wconf 86' lang='lat' dir='ltr'>vgl.</span> <span class='ocrx_word' id='word_1_340' title='bbox 1284 4324 1331 4377; x_wconf 90' lang='lat' dir='ltr'>das</span> <span class='ocrx_word' id='word_1_341' title='bbox 1344 4320 1514 4391; x_wconf 86' lang='lat' dir='ltr'>Neposzitat</span> <span class='ocrx_word' id='word_1_342' title='bbox 1531 4356 1570 4364; x_wconf 92' lang='lat'>—</span> 
     </span>
     <span class='ocr_line' id='line_1_38' title="bbox 329 4409 1567 4489; baseline -0.006 -15"><span class='ocrx_word' id='word_1_343' title='bbox 329 4420 547 4489; x_wconf 71' lang='lat' dir='ltr'>Arutmaemn]</span> <span class='ocrx_word' id='word_1_344' title='bbox 562 4420 606 4473; x_wconf 89' lang='lat' dir='ltr'>die</span> <span class='ocrx_word' id='word_1_345' title='bbox 618 4419 769 4474; x_wconf 84' lang='lat' dir='ltr'>Schwester</span> <span class='ocrx_word' id='word_1_346' title='bbox 786 4419 833 4471; x_wconf 91' lang='lat' dir='ltr'>des</span> <span class='ocrx_word' id='word_1_347' title='bbox 845 4417 923 4484; x_wconf 92' lang='lat' dir='ltr'>Dion,</span> <span class='ocrx_word' id='word_1_348' title='bbox 942 4415 1055 4470; x_wconf 78' lang='lat' dir='ltr'>Toehter</span> <span class='ocrx_word' id='word_1_349' title='bbox 1068 4416 1115 4468; x_wconf 91' lang='lat' dir='ltr'>des</span> <span class='ocrx_word' id='word_1_350' title='bbox 1129 4412 1324 4482; x_wconf 81' lang='lat' dir='ltr'>Syrakusaners</span> <span class='ocrx_word' id='word_1_351' title='bbox 1339 4409 1515 4479; x_wconf 89' lang='lat' dir='ltr'>Hipparinos.</span> <span class='ocrx_word' id='word_1_352' title='bbox 1532 4444 1567 4453; x_wconf 92' lang='lat'><em>-</em></span> 
     </span>
     <span class='ocr_line' id='line_1_39' title="bbox 332 4499 1572 4581; baseline -0.006 -17"><span class='ocrx_word' id='word_1_353' title='bbox 332 4509 459 4563; x_wconf 76' lang='lat' dir='ltr'>Doridem</span> <span class='ocrx_word' id='word_1_354' title='bbox 478 4510 614 4581; x_wconf 80' lang='grc' dir='ltr'>(Δωρίδα)</span> <span class='ocrx_word' id='word_1_355' title='bbox 633 4508 803 4576; x_wconf 69' lang='lat' dir='ltr'>lomerrsmn]</span> <span class='ocrx_word' id='word_1_356' title='bbox 823 4523 871 4561; x_wconf 88' lang='lat' dir='ltr'>aus</span> <span class='ocrx_word' id='word_1_357' title='bbox 895 4505 991 4560; x_wconf 84' lang='lat' dir='ltr'>Lokroi</span> <span class='ocrx_word' id='word_1_358' title='bbox 1014 4502 1220 4576; x_wconf 75' lang='lat' dir='ltr'>(Epizephyrioi)</span> <span class='ocrx_word' id='word_1_359' title='bbox 1246 4502 1274 4555; x_wconf 90' lang='lat' dir='ltr'>in</span> <span class='ocrx_word' id='word_1_360' title='bbox 1296 4499 1498 4570; x_wconf 84' lang='lat' dir='ltr'>Unteritalien,</span> <span class='ocrx_word' id='word_1_361' title='bbox 1523 4502 1572 4557; x_wconf 84' lang='lat' dir='ltr'>dio</span> 
     </span>
     <span class='ocr_line' id='line_1_40' title="bbox 330 4589 1572 4666; baseline -0.006 -13"><span class='ocrx_word' id='word_1_362' title='bbox 330 4599 444 4653; x_wconf 83' lang='lat' dir='ltr'>Tochter</span> <span class='ocrx_word' id='word_1_363' title='bbox 461 4599 508 4652; x_wconf 91' lang='lat' dir='ltr'>des</span> <span class='ocrx_word' id='word_1_364' title='bbox 526 4597 736 4666; x_wconf 89' lang='lat' dir='ltr'>angesehensten</span> <span class='ocrx_word' id='word_1_365' title='bbox 755 4598 880 4666; x_wconf 85' lang='lat' dir='ltr'>Biirgers,</span> <span class='ocrx_word' id='word_1_366' title='bbox 898 4595 1000 4649; x_wconf 86' lang='lat' dir='ltr'>Mutter</span> <span class='ocrx_word' id='word_1_367' title='bbox 1017 4596 1064 4649; x_wconf 91' lang='lat' dir='ltr'>des</span> <span class='ocrx_word' id='word_1_368' title='bbox 1082 4594 1214 4662; x_wconf 86' lang='lat' dir='ltr'>jiingeren</span> <span class='ocrx_word' id='word_1_369' title='bbox 1232 4589 1382 4659; x_wconf 92' lang='lat' dir='ltr'>Dionysios.</span> <span class='ocrx_word' id='word_1_370' title='bbox 1402 4621 1437 4629; x_wconf 95' lang='lat'><em>-</em></span> <span class='ocrx_word' id='word_1_371' title='bbox 1457 4592 1572 4646; x_wconf 79' lang='lat' dir='ltr'>transi·</span> 
     </span>
    </p>
   </div>
   <div class='ocr_carea' id='block_1_4' title="bbox 0 0 1855 5225">
    <p class='ocr_par' dir='ltr' id='par_1_6' title="bbox 0 0 1855 5225">
     <span class='ocr_line' id='line_1_41' title="bbox 0 0 1855 5225; baseline 0 0"><span class='ocrx_word' id='word_1_372' title='bbox 0 0 1855 5225; x_wconf 95' lang='lat' dir='ltr'> </span> 
     </span>
    </p>
   </div>
  </div>
 </body>
</html>
