3642 5225
739 511 795 575 Lib.
815 521 847 588 V,
866 537 888 574 c.
908 523 986 576 6-7.
1426 519 1477 580 ut

250 682 291 746 ad
313 683 405 747 beate
429 683 599 747 vivendum
623 683 724 747 uirtus
755 686 878 766 posset,
906 684 1012 748 malta
1035 684 1175 748 diceret?
1211 684 1261 748 cui
1290 683 1368 748 satis
1392 687 1479 749 esset

249 789 440 872 respondere
465 808 498 854 se
522 792 598 854 ante
615 789 758 855 docuisse
781 790 862 853 nihil
884 792 1003 854 bonum
1026 810 1104 869 csse,
1126 791 1189 854 nisi
1205 791 1288 873 quod
1303 791 1477 856 honestum

251 899 353 974 esset,
387 897 447 962 hoc
476 898 607 980 probato
636 916 834 979 consequens
865 917 934 962 esse
969 898 1097 962 beatam
1126 899 1226 962 vitam
1256 898 1376 963 virtute
1406 916 1476 962 esso

251 1005 451 1080 contentam,
482 1005 515 1068 ct
545 1004 700 1085 quomodo
729 1004 788 1068 hoc
819 1006 862 1068 sit
893 1023 1088 1086 consequens
1117 1005 1180 1081 illi,
1215 1005 1260 1069 sic
1290 1005 1369 1068 illud
1392 1005 1476 1082 huic,

250 1113 303 1188 ιιι,
338 1112 366 1174 si
396 1111 491 1176 beata
520 1111 587 1175 vita
610 1112 729 1175 virtute
760 1114 908 1175 contente
939 1113 996 1187 sit,
1029 1112 1092 1175 nisi
1122 1112 1292 1176 honestum
1317 1112 1400 1194 quod
1424 1113 1475 1190 sit,

249 1218 330 1282 nihil
354 1218 439 1282 alind
456 1218 498 1282 sit
520 1218 647 1282 bonum.
695 1217 756 1282 Sed
779 1220 887 1282 tamen
911 1237 973 1283 non
998 1219 1098 1300 agunt
1119 1219 1180 1298 sic;
1204 1238 1280 1283 nam
1303 1220 1336 1283 et
1359 1218 1397 1283 de
1420 1220 1477 1284 ho·
1492 1242 1521 1284 ra

250 1328 341 1390 nesto
365 1328 398 1390 et
421 1326 460 1389 de
485 1326 713 1389 summobono
737 1325 909 1408 separatim
931 1326 1004 1389 libri
1028 1327 1112 1402 sunt,
1136 1327 1264 1390 etcum
1288 1344 1325 1389 er
1349 1345 1385 1390 eo
1410 1326 1475 1390 elfi-

252 1433 354 1496 ciatur
371 1433 449 1496 satis
464 1451 615 1515 magnam
637 1433 670 1494 in
687 1433 806 1496 virtute
830 1432 870 1496 ad
893 1432 985 1496 beate
1009 1432 1179 1497 vivendum
1195 1451 1264 1497 esse
1281 1433 1354 1509 vim,
1377 1433 1475 1497 nihilo

250 1541 356 1603 minus
379 1541 440 1604 hoc
463 1543 564 1622 agunt
579 1539 760 1622 separatim.
806 1538 944 1621 Propriis
968 1539 1053 1603 enim
1077 1542 1110 1603 et
1133 1540 1199 1603 suis
1223 1540 1420 1621 argumentis
1445 1541 1478 1603 et

252 1646 518 1711 admonitionibus
534 1646 704 1710 tractanda
720 1664 866 1728 quaeque
888 1665 939 1710 res
964 1647 1022 1723 est,
1046 1647 1138 1710 tanta
1160 1646 1357 1729 praesertim.
1393 1645 1478 1711 Cave

251 1753 336 1817 enim
351 1757 445 1836 putes
461 1754 561 1817 ullam
576 1754 609 1817 in
624 1753 824 1836 philosophia
844 1771 953 1816 vocem
975 1754 1125 1817 emissam
1145 1754 1310 1818 clariorem
1334 1754 1477 1817 ullumve

251 1879 321 1924 esse
344 1859 560 1943 philosophiae
583 1861 776 1943 promissum
799 1860 928 1923 uberius
960 1862 1016 1924 aut
1039 1861 1151 1925 maius.
1197 1860 1282 1924 Nam
1306 1861 1382 1942 quid
1405 1880 1477 1944 prc-

250 1966 384 2031 fitetnr?
413 1986 430 2030 o
454 1966 486 2029 di
509 1967 599 2030 boni!
623 1966 835 2048 perfecturam
860 1985 902 2043 se,
927 1967 981 2048 qui
1004 1967 1128 2049 legibus
1152 1967 1217 2031 suis
1241 1968 1417 2050 paruisset,
1440 1973 1478 2031 ιιι

252 2076 339 2137 essct
369 2076 479 2138 contra
509 2073 670 2138 fortunam
700 2092 825 2156 semper
849 2076 1009 2152 armatus,
1043 2076 1082 2138 ut
1106 2075 1218 2149 ‚omnia
1240 2074 1398 2156 praesidia
1421 2075 1478 2137 ha·

251 2180 342 2244 beret
356 2181 390 2244 in
405 2199 439 2244 sc
455 2181 534 2244 benc
558 2182 713 2261 beateque
736 2180 870 2257 vivendi,
893 2183 931 2245 ut
955 2183 1040 2245 essct
1063 2200 1188 2264 semper
1203 2181 1478 2265 deniquflbeatus.

253 2286 316 2351 Sed
332 2287 447 2365 videro,
472 2287 548 2369 quid
564 2287 697 2362 efficiat;
720 2288 877 2370 tantisper
899 2288 959 2352 hoc
981 2289 1087 2371 ipsum
1102 2289 1212 2370 magni
1227 2289 1370 2365 aestimo,
1394 2287 1523 2370 quodne

251 2395 427 2477 pollicetur.
472 2395 557 2460 Nam
576 2395 696 2460 Xerxes
721 2394 849 2476 quidem
872 2395 1008 2460 refertus
1033 2396 1178 2459 omnibus
1201 2395 1350 2478 praemiis
1374 2394 1479 2466 donis·

263 2560 387 2567 m—
393 2561 435 2566 ...-

252 2670 408 2730 Prdtnng
426 2670 484 2717 der
503 2666 917 2729 dldekneligkeitnlehre
940 2668 999 2715 der
1022 2666 1205 2715 einzelnen
1222 2666 1479 2728 Philosophen·

675 2755 827 2805 echnlen.
865 2751 907 2819 (ἐξ
926 2751 1060 2819 18-54.)

327 2872 366 2913 aa.
391 2859 541 2928 separatim
566 2857 647 2926 libii]
674 2857 771 2924 „Celet
792 2874 846 2910 nno
869 2858 1002 2911 scribendi
1026 2857 1135 2911 studic“
1160 2858 1479 2927 (Hor.ep.H,1‚102)

253 2949 342 3002 durite
366 2964 428 3001 man
452 2949 490 3000 im
513 2946 639 3001 Hinblick
663 2947 711 3001 auf
734 2947 777 3000 die
802 2946 889 3000 Masso
917 2947 966 3000 der
990 2946 1195 3015 schreibseligcn
1219 2946 1400 3014 Philosophen
1423 2947 1479 3000 und

252 3038 387 3091 Rhetoren
409 3053 504 3105 sagen3
528 3035 647 3092 dadurch
670 3036 737 3089 wind
762 3035 830 3089 auch
853 3035 896 3090 die
916 3035 1094 3104 Feststellung
1111 3035 1160 3089 der
1178 3034 1291 3101 Quellcn
1309 3036 1355 3087 fiir
1373 3034 1480 3090 Ciceros

252 3126 463 3196 philosophische
477 3125 532 3178 und
547 3124 710 3179 rhetorische
724 3124 858 3178 Schriften
878 3125 1024 3179 erschwert
1035 3124 1210 3195 (Posidonius,
1224 3123 1309 3191 Philo,
1325 3124 1480 3190 Antiochus,

252 3215 437 3281 Andronicus).
457 3246 492 3254 —
511 3214 638 3283 Propriis
650 3219 675 3267 et
687 3214 758 3283 aris]
773 3214 866 3283 h'aufig
879 3213 1035 3268 verbunden
1049 3214 1120 3281 „mit
1133 3213 1186 3267 dan
1198 3212 1242 3266 ihr
1255 3212 1480 3282 cigenti'rmlichen

252 3305 307 3357 and
326 3304 533 3372 zugehbrigcn“.
554 3335 588 3344 -
606 3303 850 3372 admonitionibus]
869 3303 920 3357 Die
938 3303 1052 3357 meisten
1066 3302 1201 3357 Schriften
1215 3302 1308 3356 hatten
1327 3302 1406 3355 einen
1419 3317 1479 3370 par·

252 3392 407 3447 anetischen
426 3392 569 3448 Charalrter
592 3392 646 3462 (die
670 3396 855 3467 προτρεπτικὰ
878 3392 927 3445 der
944 3391 1065 3460 Stoiher).
1091 3422 1125 3432 -
1150 3390 1305 3460 clariorem]
1331 3391 1481 3446 deutlicher

253 3482 292 3536 als
316 3483 365 3535 der
382 3481 457 3546 Sata,
481 3482 539 3536 dats
563 3482 606 3535 die
623 3482 731 3550 Tugend
755 3499 803 3536 zur
821 3481 1026 3550 Gliiclrseligheit
1048 3483 1159 3550 geniigc.
1185 3512 1220 3520 -
1244 3480 1312 3549 punit
1325 3481 1480 3550 profitetur]

252 3570 379 3625 Dadurch
397 3570 471 3638 uini,
489 3571 619 3624 nachdem
637 3570 674 3624 im
692 3572 929 3640 vorausgehenden
948 3570 1007 3624 eine
1025 3570 1114 3639 grosse
1133 3569 1344 3638 Wiederholung
1362 3570 1481 3639 gegeben

252 3677 320 3729 war,
344 3660 391 3714 das
409 3660 545 3714 Interesse
562 3661 609 3713 fiir
626 3661 673 3714 das
695 3660 819 3729 fulgendo
843 3660 964 3713 erweclrt.
991 3691 1025 3699 -
1050 3664 1175 3713 annutans
1252 3659 1407 3729 praestitio]
1432 3660 1481 3714 das

252 3749 435 3819 gewdhnliche
445 3749 505 3803 Bild
519 3750 565 3802 fiir
577 3750 624 3803 das
633 3749 787 3803 Vcrhiiltnis
799 3749 846 3803 des
856 3751 1089 3818 „genappneteffl
1099 3747 1247 3802 Menschcn
1261 3765 1322 3801 zum
1332 3748 1481 3817 Schiclrsal3

253 3856 306 3908 „er
322 3840 369 3895 hat
386 3840 438 3894 alle
457 3839 616 3894 Hilfsmittel
634 3838 897 3908 (Vorbedingungen)
917 3855 951 3892 zu
1031 3839 1060 3891 in
1078 3838 1165 3892 sich“.

326 3942 366 3984 no.
387 3929 440 3983 Sed
451 3929 551 3999 videro]
565 3946 635 3995 neon,
649 3927 753 3996 statim,
763 3929 848 3997 poulo
858 3934 921 3998 post
932 3928 1022 3982 videro
1034 3928 1179 3982 besonders
1188 3927 1225 3980 im
1234 3926 1371 3980 Brieistile
1380 3927 1480 3995 hdufig,

252 4018 356 4071 starker
369 4018 408 4071 alr
422 4018 518 4085 niden,
534 4018 603 4071 doch
616 4018 656 4071 oft
670 4034 721 4070 nur
735 4032 783 4070 aus
796 4017 999 4086 rhythrnischen
1009 4017 1190 4070 Riiclrsichten
1204 4017 1235 4085 (υ
1244 4057 1264 4065 -
1274 4031 1298 4064 ε
1313 4034 1319 4068 :
1334 4056 1353 4065 -
1362 4040 1384 4065 υ
1393 4016 1435 4083 c).
1447 4047 1481 4055 -

252 4107 396 4176 tantisper]
412 4106 629 4175 ‚,einstweilen“‚
648 4107 689 4161 bis
702 4107 750 4161 der
763 4106 869 4160 Beweis
887 4106 1010 4160 erbracht
1023 4105 1065 4160 isl.
1086 4137 1119 4145 —
1138 4105 1223 4175 Nune]
1238 4105 1287 4159 Die
1300 4104 1481 4174 Begriindung

252 4196 320 4265 tolgt
343 4196 472 4250 runichst
489 4195 564 4250 nicht
579 4197 609 4249 in
627 4196 689 4250 dem
707 4196 784 4251 Satze
808 4195 858 4249 mit
876 4195 967 4260 hinnu
995 4194 1047 4263 vgl.
1067 4197 1082 4263 ξ
1102 4196 1125 4249 7.
1163 4193 1241 4248 Sinn:
1267 4194 1361 4260 Denn,
1387 4193 1481 4248 dadis

252 4286 382 4355 Begierde
400 4285 577 4341 unersiittlich
594 4286 637 4355 ist,
656 4302 685 4340 so
703 4287 739 4340 ist
756 4287 799 4339 die
813 4284 1001 4354 Verbeiisung,
1020 4285 1073 4338 den
1086 4283 1234 4338 Menschen
1251 4301 1304 4338 von
1321 4283 1365 4337 ihr
1382 4300 1416 4337 zu
1434 4284 1482 4338 be·

251 4375 347 4443 heieu,
366 4377 448 4430 etwas
459 4375 615 4444 Wichtiges.
634 4408 669 4416 -
687 4375 798 4445 Xerses]
817 4375 872 4429 Das
886 4374 995 4428 Gleiche
1010 4374 1076 4428 wind
1090 4374 1159 4428 auch
1172 4390 1225 4428 von
1239 4374 1357 4428 anderen
1371 4373 1482 4427 Perser-

251 4464 365 4534 ldnigen
383 4464 498 4532 erndhlt3
524 4481 567 4519 aur
585 4465 739 4533 persischen
757 4464 828 4518 Hele
846 4464 959 4517 worden
976 4470 1172 4533 καινοποιηταί
1187 4462 1325 4533 gebeina,
1349 4462 1392 4517 dic
1410 4479 1480 4517 neue

252 4555 354 4625 (autaei
372 4552 484 4623 Speisen
502 4571 537 4607 nu
554 4554 677 4608 erfinden
694 4553 794 4607 hatten.
826 4552 888 4606 Wie
907 4552 970 4605 sehr
988 4552 1045 4605 sich
1064 4551 1107 4607 die
1121 4552 1219 4608 Rdmer
1235 4554 1282 4606 fiir
1300 4553 1374 4607 disse
1392 4552 1481 4607 Kunst

1209 4644 1267 4697 ab*
