3642 5225
323 521 377 581 11⁰
719 519 928 576 umeulmaum
946 519 1153 589 disputationum

323 683 463 749 cordiam
491 684 531 748 ad
559 702 651 767 opem
678 683 842 748 ferendam
870 685 903 747 et
925 683 1092 747 hominum
1118 682 1320 764 indignorum
1350 682 1557 748 calamitates

323 791 552 864 sublevandam
582 791 688 874 ipsum
718 790 799 855 illud
829 790 1000 868 aemulari,
1031 790 1208 854 obtrectare
1236 808 1301 854 non
1330 808 1399 854 esse
1427 790 1554 868 inutile,

323 917 397 962 oum
420 899 477 962 aut
500 916 534 963 se
557 916 621 961 non
644 897 729 961 idern
752 897 859 962 rideat
882 898 1103 974 oonseoutum,
1127 897 1209 978 quod
1234 897 1346 975 alium,
1370 899 1428 961 aut
1451 898 1555 961 alium

322 1004 421 1082 idem,
444 1003 528 1087 quod
551 1023 603 1080 se;
626 1006 751 1069 metum
774 1023 847 1069 vero
871 1004 900 1068 si
923 1005 978 1086 qui
1000 1004 1199 1082 sustulisset,
1222 1022 1348 1068 omnem
1372 1004 1457 1069 vitae
1482 1004 1554 1068 dili-

323 1111 464 1193 gentiam
487 1111 648 1176 sublatam
671 1110 750 1189 fore,
781 1129 862 1192 quae
886 1130 1012 1176 summa
1035 1113 1121 1176 esset
1142 1111 1175 1174 iu
1199 1111 1257 1188 eis,
1285 1111 1341 1192 qui
1362 1112 1464 1193 leges,
1495 1111 1553 1192 qui

321 1218 543 1300 magistratus,
572 1218 627 1300 qui
649 1220 885 1302 paupertatem,
914 1219 969 1299 qui
990 1217 1212 1299 ignominiam,
1237 1218 1292 1299 qui
1313 1221 1464 1294 mortem,
1494 1218 1553 1299 qui

323 1325 462 1389 dolorem
486 1325 645 1390 timerent.
690 1325 779 1389 Haeo
801 1327 911 1390 tamen
937 1325 985 1389 ita
1007 1325 1186 1407 disputant,
1215 1327 1253 1388 ut
1278 1324 1452 1389 reseoanda
1482 1343 1555 1389 esse

322 1431 500 1509 fateantur,
530 1432 623 1497 evelli
650 1433 778 1515 penitus
806 1431 915 1496 disant
940 1450 1000 1496 neo
1026 1450 1118 1515 posse
1146 1450 1205 1496 neo
1232 1449 1311 1514 opus
1339 1449 1423 1508 esse,
1455 1433 1488 1495 et
1518 1431 1553 1494 in

323 1539 468 1603 omnibus
497 1537 561 1603 fere
588 1539 685 1604 rebus
714 1538 1049 1603 mediocritatem
1078 1556 1147 1603 esse
1175 1539 1330 1622 optimam
1358 1537 1554 1602 existiment

323 1644 412 1725 Quae
436 1664 509 1710 oum
532 1647 705 1729 exponunt,
727 1645 848 1710 nihilne
871 1645 930 1709 tibi
953 1645 1101 1710 ridentur
1124 1663 1165 1709 an
1189 1645 1309 1726 aliquid
1334 1645 1461 1709 dioere?

269 1746 311 1807 21
411 1760 453 1824 A.
487 1761 568 1825 Mihi
590 1779 663 1826 vero
687 1761 790 1826 dioere
814 1761 943 1843 aliquid,
965 1762 1075 1842 itaque
1099 1763 1253 1843 exspeoto,
1277 1759 1353 1842 quid
1377 1760 1417 1824 ad
1440 1761 1514 1823 ista.

279 1834 310 1877 ⁴⁷
411 1875 460 1941 M.
495 1877 664 1960 Reperiam
687 1877 832 1954 fortasse,
856 1878 911 1942 sed
932 1877 1011 1941 illud
1027 1878 1119 1941 ante:
1143 1876 1292 1954 Videsne,
1316 1877 1437 1957 quanta
1452 1875 1554 1940 fuerit

323 1984 408 2067 apud
429 1984 692 2049 Aoademioos
716 1984 928 2049 verecundia?
950 1985 1044 2067 plane
1067 1984 1152 2048 enim
1168 1983 1287 2060 dieunt,
1311 1982 1394 2064 quod
1418 1981 1458 2046 ad
1481 2000 1550 2046 rem

322 2092 488 2174 pertineat
533 2091 753 2175 Peripatetiois
787 2090 997 2173 respondetur
1031 2108 1051 2154 a
1081 2089 1204 2155 Stoiois.
1249 2089 1474 2172 Digladientur
1502 2089 1551 2152 illi

321 2217 377 2282 per
400 2217 452 2263 me
475 2199 564 2276 lieet,
595 2198 646 2262 oui
667 2199 748 2262 nihil
771 2201 821 2262 est
843 2216 972 2262 neeesse
1000 2197 1076 2274 nisi,
1106 2197 1161 2261 ubi
1184 2197 1226 2261 sit
1248 2196 1343 2273 illud,
1375 2195 1460 2277 quod
1482 2197 1549 2260 veri

322 2305 521 2370 simillimum
544 2305 698 2381 rideatur,
722 2305 898 2386 anquirere.
938 2302 1021 2383 Quid
1044 2306 1094 2368 est
1116 2304 1223 2386 igitur,
1247 2303 1331 2385 quod
1347 2305 1494 2367 ooourrat
1516 2303 1550 2366 in

321 2414 382 2477 hao
405 2412 600 2494 quaestione,
624 2430 640 2476 e
665 2431 727 2493 quo
750 2412 851 2494 possit
874 2411 990 2492 attingi
1013 2411 1133 2492 aliquid
1155 2411 1222 2474 veri
1245 2411 1371 2474 simile?
1396 2429 1459 2491 quo
1481 2411 1550 2474 lon·

321 2520 393 2601 gius
420 2538 511 2583 mens
534 2520 675 2583 humana
697 2519 843 2602 progredi
868 2537 933 2582 non
956 2520 1070 2601 potest.
1115 2517 1264 2582 Definitio
1292 2516 1551 2601 perturbationis,

321 2784 357 2852 H,
376 2785 442 2852 815,
460 2784 513 2853 vgl.
533 2783 601 2837 oben
619 2783 662 2837 die
676 2783 760 2836 Zitate
778 2800 812 2836 zu
831 2784 934 2851 §latr
955 2815 987 2823 —
1007 2783 1197 2853 indignorum]
1217 2786 1338 2846 ἀναξίων
1351 2789 1465 2849 παθεῖν,
1484 2781 1550 2849 „die

321 2872 614 2928 unverdientermaisen
638 2871 757 2925 leiden“.
783 2901 818 2911 —
842 2878 944 2926 metm
967 2875 1037 2942 aero]
1062 2872 1113 2927 Die
1138 2873 1296 2941 Bedautung
1319 2886 1372 2925 von
1397 2874 1472 2934 ἔλεος
1494 2871 1550 2924 und

321 2968 408 3036 φόβος
432 2962 533 3017 kommt
554 2961 624 3015 auoh
646 2961 674 3014 in
698 2962 747 3015 der
772 2961 922 3015 bekennten
940 2961 1162 3016 Aristotelisohen
1179 2960 1328 3015 Definition
1352 2960 1401 3013 der
1422 2960 1551 3029 Tragddie

321 3068 382 3106 zum
401 3052 552 3106 Ausdmek:
577 3052 740 3125 (τραγῳδία)
759 3048 799 3107 δι’
816 3054 892 3107 ἐλέου
909 3057 957 3106 καὶ
976 3054 1065 3123 φόβου
1084 3057 1254 3123 περαίνουοα
1277 3054 1326 3118 τὴν
1344 3062 1398 3105 τῶν
1416 3054 1551 3105 τοιούτων

321 3148 497 3214 παθημάτων
519 3147 658 3214 κάθαρσιν
682 3140 837 3209 (resecando
863 3158 919 3194 esse
945 3139 1097 3209 fateantur,
1125 3138 1358 3208 Katharsisfrage).
1387 3169 1421 3178 —
1448 3137 1550 3193 modro-

320 3232 454 3302 oritotem]
473 3236 593 3305 μεσότης
609 3234 626 3299 ἡ
645 3234 725 3304 ἀρετή
742 3229 827 3284 lautet
843 3229 886 3282 ihr
904 3229 1040 3283 athisoher
1057 3227 1244 3298 Wahlspruoh.
1265 3258 1299 3268 —
1323 3226 1411 3281 dehere
1429 3226 1550 3296 aliquit]

321 3320 371 3373 wie
389 3326 475 3392 λέγεις
493 3343 520 3375 τι
538 3320 595 3388 „du
613 3322 686 3388 sagst
704 3322 784 3373 etwas
802 3335 855 3373 von
872 3317 1061 3387 Bedeutung“,
1081 3318 1149 3387 „das
1168 3317 1231 3372 liisst
1248 3316 1307 3371 sioh
1323 3317 1429 3371 hdren“
1445 3315 1547 3385 (audeo,

321 3410 430 3476 ἀκούω),
449 3393 611 3477 Gegensatzi
628 3407 704 3461 nihil
720 3408 791 3461 diors
810 3410 903 3477 (οὐδὲν
921 3408 1025 3479 λέγεις),
1045 3406 1154 3475 „niehts
1172 3406 1221 3474 ist,
1240 3421 1294 3459 was
1313 3405 1350 3459 du
1367 3407 1475 3474 sagst“;
1494 3404 1547 3473 vgl.

320 3497 342 3563 I,
361 3499 410 3553 θοι
430 3513 502 3564 „neo
520 3496 667 3550 Homerum
686 3496 793 3550 audio“.

391 3656 468 3725 Kap.
488 3657 541 3713 21.
581 3669 622 3710 er.
641 3656 679 3709 ad
696 3656 761 3725 esto]
777 3660 845 3731 πρὸς
863 3668 951 3711 ταῦτα
970 3658 1140 3726 „dagegen“,
1159 3671 1196 3710 so.
1211 3655 1334 3710 dicturus
1352 3655 1402 3709 sis.
1422 3686 1457 3695 -
1476 3655 1548 3709 Aoo-

320 3746 447 3816 demo‘oos]
474 3746 507 3799 In
535 3745 596 3799 dem
620 3744 875 3799 Widerstreite
902 3746 964 3799 der
990 3745 1071 3800 Stoa
1097 3745 1163 3798 und
1190 3745 1250 3799 des
1277 3744 1464 3812 Peripatos
1492 3744 1549 3797 ruit

321 3836 445 3892 Oioero
468 3835 569 3889 wieder
592 3834 690 3889 eiumal
716 3834 776 3889 dem
799 3835 883 3890 Leser
909 3834 1003 3889 seinen
1027 3834 1261 3905 philosophisohen
1285 3832 1467 3901 Staudpunlrt,
1495 3833 1548 3886 den

320 3927 368 3980 der
386 3925 655 3980 alademisohen
669 3923 1073 3991 Wahrsoheinliohleit,
1088 3922 1267 3977 Plausibilitet
1280 3922 1486 3992 (probabilitas),
1506 3921 1548 3975 ius

320 4016 495 4083 Gadttohtnis3
514 4031 536 4069 s·
550 4013 772 4083 Disposition
786 4013 812 4069 S.
826 4015 869 4070 53.
889 4045 924 4054 -
942 4013 1113 4082 merendra]
1128 4012 1301 4081 „sehonende
1314 4010 1491 4078 Riiolrsieht“,
1506 4009 1549 4063 die

319 4109 414 4177 ἐποχή,
433 4105 480 4159 das
499 4104 696 4158 Zuriiehhalten
713 4103 761 4156 des
780 4102 948 4171 subJelrtiven
966 4102 1082 4170 Urteils3
1101 4120 1124 4156 z.
1141 4102 1172 4155 B.
1191 4117 1270 4155 wenn
1288 4100 1486 4155 Kleitomaohos
1505 4115 1547 4152 er-

318 4194 411 4263 kltrte,
430 4211 461 4248 er
477 4193 546 4248 habe
564 4193 608 4248 nie
626 4192 703 4246 reolrt
721 4192 860 4261 ertahren,
879 4208 934 4246 was
953 4191 1011 4246 sein
1028 4191 1131 4246 Lehrer
1148 4191 1301 4245 Karneades
1318 4190 1386 4243 iiber
1403 4188 1447 4243 die
1466 4188 1547 4243 wieh-

319 4284 417 4352 tigsten
434 4284 538 4352 Fragen
556 4282 659 4337 daohte.
685 4313 719 4321 —
740 4282 835 4351 plane]
855 4281 1017 4352 „deutlioh“
1036 4296 1118 4350 sagon
1140 4281 1179 4335 sie
1203 4296 1269 4348 nur,
1294 4294 1349 4333 was
1371 4277 1491 4333 deutlioh
1514 4293 1547 4331 zu

319 4388 399 4440 sagon
428 4371 633 4426 zweoldienlioh
660 4371 707 4439 ist3
735 4371 779 4425 bei
803 4370 971 4440 ungewissen
995 4370 1101 4439 Diogen
1127 4370 1198 4425 laun
1225 4385 1288 4423 man
1314 4366 1402 4422 niehts
1429 4366 1547 4421 deutlich

319 4477 408 4530 sagon.
433 4492 467 4501 -
491 4460 687 4530 digladientur]
710 4460 865 4530 deglodeirri
884 4459 936 4514 wie
958 4459 1092 4513 dimisere
1114 4458 1239 4513 aiemlioh
1260 4457 1352 4527 htulig
1374 4472 1437 4512 rom
1455 4456 1547 4511 Wort·

318 4550 425 4619 lampio
447 4550 601 4619 gebrauoht
622 4581 654 4590 -
669 4550 798 4619 progredi
814 4566 871 4603 non
884 4551 980 4619 potest]
1003 4548 1054 4603 Die
1073 4549 1195 4603 Grenzou
1212 4547 1260 4603 des
1278 4545 1480 4601 mensohliohen
1498 4544 1548 4599 Er-
