3642 5225
325 511 377 572 174
722 510 930 566 lheculanarum
948 510 1156 580 disputationum

325 674 537 758 cognitionem
566 674 882 756 intellegentiamque
913 675 1109 738 convertant.
1165 672 1326 738 Sumatur
1347 674 1434 738 enim
1465 675 1565 740 nobis

326 783 455 864 quidam
483 782 651 865 praestans
678 781 727 845 vir
757 781 884 864 optimis
916 781 1037 845 artibus
1067 781 1158 862 isque
1189 780 1293 844 animo
1322 799 1502 865 parumper
1532 785 1567 846 et

326 889 515 970 cogitatione
539 887 687 969 fingatur.
726 887 871 951 Primum
893 887 1019 969 ingenio
1044 887 1156 951 eximio
1180 887 1223 951 sit
1245 906 1372 952 necesse
1397 891 1466 963 est3
1493 892 1564 953 tar-

326 997 374 1060 dis
398 995 483 1060 enim
506 995 667 1060 mentibus
691 995 793 1059 virtus
816 1013 880 1058 non
903 993 995 1058 facile
1012 995 1198 1068 comitatum
1223 994 1335 1058 deinde
1360 995 1399 1058 ad
1422 996 1564 1060 investi-

326 1102 464 1184 gandam
480 1103 649 1166 veritatem
669 1101 773 1165 studio
796 1100 938 1165 incitato.
975 1100 1023 1164 Ex
1046 1119 1108 1182 quo
1132 1101 1246 1183 triplex
1269 1101 1322 1164 ille
1346 1101 1444 1166 animi
1470 1102 1562 1167 fetus

327 1211 471 1286 exsistet,
501 1228 585 1273 unus
614 1209 647 1272 in
671 1207 847 1291 cognitione
870 1227 979 1273 rerum
1002 1209 1125 1291 positus
1153 1210 1185 1272 et
1212 1208 1245 1271 in
1270 1209 1478 1290 explicatione
1505 1229 1563 1274 na-

326 1320 432 1395 turae,
462 1318 544 1381 alter
571 1317 604 1379 in
632 1315 834 1398 discriptione
858 1315 1105 1399 expetendarum
1130 1315 1416 1397 fugiendarumque
1445 1335 1562 1382 rerum

327 1427 356 1486 et
378 1423 414 1486 in
437 1423 563 1486 ratione
585 1423 719 1500 vivendi,
743 1422 858 1487 tertius
874 1423 907 1486 in
923 1422 1101 1499 iudicando,
1125 1421 1201 1503 quid
1218 1423 1331 1504 cuique
1350 1423 1396 1487 rei
1420 1423 1464 1487 sit
1485 1442 1563 1488 con-

328 1549 474 1612 sequens,
498 1530 574 1613 quid
590 1549 781 1613 repugnans,
804 1530 837 1592 in
861 1549 923 1611 quo
946 1529 1031 1594 inest
1053 1530 1155 1593 omnis
1179 1549 1252 1593 cum
1276 1529 1437 1593 subtilitas
1457 1530 1564 1595 disse-

285 1637 426 1716 carendi,
448 1638 519 1702 tum
542 1638 660 1701 veritas
683 1637 852 1701 iudicandi.
891 1635 961 1715 Quo
977 1636 1107 1701 tandem
1125 1636 1224 1718 igItur
1246 1635 1361 1718 gaudio
1386 1636 1480 1701 adfici
1505 1656 1564 1702 ne-

328 1762 415 1808 cesse
440 1746 491 1807 est
514 1743 666 1826 sapientis
691 1745 834 1808 animum
857 1763 932 1809 cum
954 1744 1005 1807 his
1028 1744 1228 1808 habitantem
1251 1745 1563 1827 pernoctantemque

328 1851 427 1914 curis!
452 1853 490 1913 ut
513 1869 586 1914 cum
609 1851 708 1915 totius
731 1851 843 1916 muudi
866 1854 973 1916 motus
997 1852 1280 1932 conversionesque
1295 1852 1496 1934 perspexerit
1520 1853 1565 1916 si-

328 1957 466 2038 deraque
494 1957 610 2022 viderit
636 1958 881 2023 innumerabilia
910 1959 997 2023 eaelo
1026 1958 1224 2022 inhaerentia
1254 1977 1327 2022 oum
1358 1958 1426 2022 eius
1455 1959 1564 2042 ipsius

327 2065 418 2127 motu
442 2083 613 2146 congruere
637 2066 732 2130 certis
760 2065 856 2129 infixa
884 2065 1030 2141 sedibus,
1060 2066 1182 2147 septem
1213 2064 1275 2128 alia
1304 2083 1379 2128 suos
1410 2083 1565 2147 quaeque

328 2173 436 2234 tenere
453 2190 564 2235 cursus
580 2173 720 2236 multum
743 2173 827 2236 inter
851 2191 884 2237 se
908 2175 966 2236 aut
982 2172 1150 2235 altitudine
1167 2176 1223 2235 aut
1237 2171 1418 2235 humilitate
1436 2172 1565 2237 distan-

328 2277 383 2353 tia,
407 2296 543 2358 quorum
558 2279 631 2360 vagi
645 2283 753 2342 motus
773 2282 844 2342 rata
867 2281 975 2342 tamen
1000 2281 1032 2342 et
1055 2281 1144 2341 certa
1166 2278 1216 2341 sui
1240 2296 1352 2342 cursus
1376 2279 1482 2361 spatia
1508 2279 1566 2344 de-

328 2383 449 2448 finiant.
494 2385 619 2449 Horum
637 2386 789 2450 nimirum
807 2386 976 2468 adspectus
1000 2385 1127 2468 impulit
1149 2385 1220 2449 illos
1244 2387 1366 2449 veteres
1391 2388 1424 2448 et
1448 2386 1565 2451 admo-

328 2491 412 2568 nuit,
441 2494 479 2554 ut
501 2492 595 2574 plura
619 2497 817 2573 quaererent.
862 2493 941 2558 Inde
970 2494 1019 2556 est
1046 2493 1207 2574 indagatio
1235 2494 1312 2556 nata
1335 2492 1503 2557 initiorum
1529 2499 1565 2558 et

329 2756 498 2811 ammonet
519 2789 553 2797 -
575 2758 767 2827 inmitepcnta'c]
792 2773 924 2826 synonym
947 2758 997 2810 mit
1019 2757 1137 2826 cognitio
1156 2757 1339 2825 „Erlrenntnis
1358 2789 1392 2797 —
1411 2758 1565 2812 Verstand-

328 2844 403 2912 nis“‚
428 2846 456 2898 in
479 2846 530 2899 den
556 2845 788 2914 philosophisohen
813 2846 950 2901 Schriften
974 2846 1074 2915 h'aufig.
1094 2878 1128 2886 -—
1155 2846 1297 2916 Sumatur]
1323 2848 1370 2901 das
1395 2847 1469 2900 Eudo
1496 2848 1567 2903 oder

328 2934 451 2988 Resultat
467 2951 521 2989 uon
539 2935 698 3003 mmmmm
717 2935 794 3004 („ein
811 2936 885 2990 Ideal
904 2935 1047 3004 suohen“)‚
1067 2952 1119 3003 „ea
1149 2939 1205 2989 rete
1224 2951 1272 2989 vor
1290 2938 1371 2989 uns“.
1391 2967 1425 2976 -
1441 2954 1565 3005 porum·

324 3024 386 3092 per]
405 3024 472 3093 „ein
490 3024 652 3078 Weilchen“
672 3026 752 3094 (nur),
771 3025 811 3079 bis
830 3041 860 3078 er
877 3025 921 3078 die
941 3024 1130 3079 ertordorliohe
1149 3024 1282 3093 Wirlrung
1299 3026 1378 3093 getan
1397 3025 1512 3093 (movit).
1527 3057 1564 3066 -

328 3112 449 3182 tagenio]
474 3113 536 3168 Wie
559 3115 605 3167 fiir
627 3115 679 3167 den
698 3114 806 3169 Redner
823 3115 890 3168 wird
908 3114 1056 3183 Begabung
1073 3115 1128 3167 und
1146 3113 1228 3168 Fleiis
1250 3114 1392 3182 gefordert
1417 3146 1451 3154 —
1475 3115 1563 3185 fetae]

329 3202 378 3254 mit
395 3202 486 3271 Bezug
503 3204 550 3256 auf
567 3203 713 3272 ingenium
731 3203 882 3271 „Frucht“.
903 3234 936 3243 —
961 3203 1068 3272 triplec]
1088 3202 1197 3271 Physil,
1216 3203 1303 3271 Ethik,
1322 3203 1411 3272 Logilr.
1431 3236 1465 3244 —
1485 3210 1511 3258 et
1529 3206 1565 3259 c'n

328 3291 434 3344 rotrone
446 3292 565 3362 vicertdi]
580 3292 645 3360 „die
654 3292 804 3360 prahtische
813 3293 892 3346 Ethilr
902 3292 1164 3363 (Phielnenlehrqt.
1176 3324 1209 3332 —
1224 3293 1333 3362 emitae]
1344 3292 1563 3361 „Richfigreit‘a

402 3393 442 3435 ce.
465 3381 641 3451 labdonem]
662 3382 713 3452 vgl.
733 3400 766 3435 zu
784 3382 840 3449 ΙΙΙ,
859 3385 902 3438 83.
926 3413 961 3421 -
984 3382 1071 3451 curm]
1090 3382 1350 3451 „Besch'atltigung“,
1373 3387 1562 3457 μελετήματα.

329 3469 574 3539 ,,Βθεοὴὲἰῒὶςπως,
599 3472 642 3525 die
667 3472 711 3525 nie
736 3474 873 3539 ermattet‚
899 3472 942 3525 die
967 3471 1086 3539 langsam
1112 3472 1226 3539 achastt,
1252 3471 1320 3525 doch
1344 3471 1388 3526 nie
1414 3474 1561 3541 zerstbrt“,

329 3558 500 3626 Schiller,
520 3559 593 3627 „Die
607 3560 727 3615 Ideede“.
747 3593 781 3601 -
800 3566 830 3615 ut
843 3563 918 3630 cum]
934 3578 1017 3629 „zum
1030 3560 1148 3631 Beispiel
1161 3564 1270 3615 wenn“.
1290 3592 1324 3600 —
1342 3561 1425 3615 totius
1442 3562 1562 3631 mmcde‘]

329 3647 418 3701 Etwas
436 3665 497 3702 vom
512 3649 657 3704 Woltall
677 3653 799 3725 (κόσμος,
818 3651 946 3717 muudus,
967 3650 1148 3719 „Ordnung“)
1167 3648 1223 3704 halt
1238 3650 1331 3705 Cicero
1345 3651 1411 3703 stets
1429 3650 1476 3702 fiir
1495 3667 1563 3719 zug-

329 3736 440 3806 hrtttig3
460 3753 507 3791 aus
521 3739 611 3792 seiner
620 3729 807 3809 l'lbersetzung
820 3756 873 3793 von
886 3741 966 3794 Arata
981 3739 1208 3794 astronomisohen
1222 3739 1392 3808 Dichtungen
1406 3738 1469 3793 l'aist
1483 3740 1563 3793 erdo

330 3828 384 3879 nat.
404 3827 683 3895 deor.11‚104-115
702 3829 754 3883 viel
774 3829 885 3883 zitieren
902 3830 958 3882 und
977 3829 1117 3898 beil'ugen:
1137 3828 1219 3896 „Nec
1237 3844 1301 3883 vero
1320 3827 1387 3881 haec
1406 3826 1493 3881 solum
1513 3828 1562 3881 ad-

329 3915 468 3983 mirabilia
487 3918 535 3970 sed
549 3917 615 3970 nihil
630 3918 715 3971 maius
729 3934 809 3987 quarn
823 3920 892 3987 quod
910 3918 950 3972 ita
968 3918 1071 3973 stabilis
1088 3920 1130 3971 est
1147 3918 1263 3971 mundus
1281 3919 1360 3987 atque
1378 3917 1416 3971 ita
1434 3915 1564 3971 cohaeret

330 4005 362 4057 ad
381 4007 600 4073 permanendum,
618 4010 649 4060 ut
667 4006 785 4061 nihilne
805 4007 949 4076 excogitari
968 4008 1073 4076 quidem
1092 4007 1176 4075 possit
1194 4006 1307 4075 aptius.“
1327 4038 1361 4045 -
1378 4006 1489 4076 septem]
1507 4004 1563 4059 Die

329 4095 393 4147 lunt
406 4096 458 4149 den
474 4095 553 4149 Alten
568 4096 718 4150 behannten
727 4095 857 4150 Planeten
867 4096 994 4165 (Manlum,
1007 4097 1108 4164 Venno,
1123 4096 1203 4164 Mars,
1217 4095 1345 4165 Iuppiter,
1360 4093 1467 4162 Saturn)
1481 4094 1564 4148 ncbst

330 4183 418 4238 Sonne
432 4186 486 4237 und
500 4184 594 4252 Mond;
614 4186 647 4239 de
661 4188 715 4239 nat.
730 4186 801 4239 deor.
812 4186 848 4253 Π,
862 4188 911 4241 49:
931 4185 1111 4255 „Primusque
1125 4185 1164 4239 sol
1232 4185 1297 4239 luna
1363 4183 1480 4237 maxime
1494 4200 1564 4238 vero

330 4276 393 4326 sunt
411 4273 580 4328 admirabiles
598 4277 686 4329 motus
704 4291 795 4328 earum
814 4275 931 4344 quinque
946 4275 1091 4343 stellarum,
1110 4291 1178 4345 quae
1191 4274 1260 4329 falso
1274 4275 1403 4327 vocantur
1416 4274 1540 4326 errantes
1546 4276 1564 4303 “

330 4365 435 4431 (wegen
448 4363 497 4417 der
511 4364 774 4433 Gesetzmaisiglreit).
800 4365 836 4418 Es
849 4364 940 4433 tolgan
954 4366 1024 4418 darm
1038 4363 1168 4418 Saturnus
1182 4365 1327 4434 (φαίνων),
1341 4361 1462 4431 Iuppiter
1472 4362 1563 4430 (Φαέ-

330 4452 409 4519 θων),
423 4452 494 4506 Mars
508 4455 655 4525 (Πυρόεις),
669 4454 819 4508 Mercurius
833 4455 986 4523 (Στίλβων),
1001 4454 1093 4509 Venus
1107 4456 1276 4528 (Φωσφόρος
1289 4453 1353 4507 oder
1361 4448 1514 4526 Ἕσπερος).
1527 4481 1564 4494 -

330 4542 423 4611 spotia
437 4582 442 4593 .
454 4582 477 4593 ..
493 4542 637 4612 datatim]
651 4543 730 4612 „ihre
744 4542 855 4597 Bahnen
871 4542 1035 4597 einhalten“.
1056 4575 1089 4583 -
1108 4542 1266 4612 iudeorum]
1281 4541 1374 4607 inette,
1391 4544 1477 4612 ἀρχαί
1488 4539 1563 4608 „Ur-
