3642 5225
294 531 332 594 28
694 532 903 588 Tusculanarum
922 532 1130 602 disputationum

295 696 452 774 libidines,
474 696 681 763 iracundiae?
718 696 808 762 Haec
831 696 917 760 enim
936 695 1002 761 fere
1026 698 1103 760 sunt
1126 695 1290 772 eiusmodi,
1315 714 1395 777 quae
1413 695 1529 760 Graeci

296 803 395 892 πάθη
426 804 608 888 appellant;
639 822 697 885 ego
726 805 872 886 poteram
901 804 1077 880 morbos,
1109 805 1142 867 et
1171 802 1203 867 id
1232 804 1365 867 verbum
1394 804 1479 866 esset
1511 820 1528 866 e

295 912 404 987 verbo,
434 911 489 976 sed
517 910 837 976 inconsuetudinem
866 911 1012 974 nostram
1041 928 1105 973 non
1136 909 1272 974 caderet.
1317 909 1402 973 Nam
1431 910 1529 973 mise-

293 1018 371 1096 reri,
396 1017 554 1094 invidere,
581 1017 715 1099 gestire,
742 1017 872 1094 laetari,
901 1017 982 1081 haec
1010 1016 1116 1080 omnia
1139 1017 1310 1093 „morbos“
1334 1015 1448 1080 Graeci
1472 1034 1529 1098 ap·
1564 1024 1567 1030 “

293 1125 429 1209 pellant,
458 1127 565 1189 motus
594 1123 692 1188 animi
718 1124 835 1189 rationi
857 1143 922 1188 non
946 1124 1220 1207 obtemperantes,
1250 1141 1307 1187 nos
1335 1125 1444 1187 autem
1467 1124 1528 1187 hos

293 1231 422 1296 eosdem
444 1233 552 1297 motus
576 1230 725 1296 concitati
748 1231 847 1295 animi
870 1233 965 1308 recte,
989 1233 1026 1295 ut
1044 1231 1163 1314 opinor,
1186 1230 1527 1314 perturbationes

291 1339 482 1416 dixerimus,
511 1339 638 1403 morbos
666 1340 775 1403 autem
802 1338 969 1402 nonsatis
993 1337 1126 1414 usitate,
1155 1337 1218 1401 nisi
1246 1336 1322 1419 quid
1351 1336 1436 1402 aliud
1464 1337 1525 1400 tibi

293 1446 429 1512 ridetur.

267 1574 283 1620 a
382 1552 424 1617 A.
458 1553 539 1617 Mihi
561 1571 635 1618 vero
658 1552 721 1616 isto
744 1551 846 1617 modo.

382 1659 431 1723 M.
465 1659 606 1725 Haecine
629 1659 728 1741 igitur
751 1658 863 1724 cadere
887 1659 921 1722 in
944 1658 1122 1743 eapientem
1145 1660 1265 1742 putas?

382 1766 424 1830 A.
459 1766 595 1831 Prorsus
619 1767 773 1832 existimo.

382 1872 432 1937 M.
466 1873 515 1938 Ne
545 1875 609 1938 ista
638 1874 776 1955 gloriosa
807 1875 965 1957 sapientia
993 1893 1058 1938 non
1088 1893 1205 1956 magno
1236 1872 1435 1939 aestimanda
1466 1876 1526 1952 est,

295 1981 453 2062 siquidem
475 1999 540 2045 non
562 1982 703 2046 multum
726 1980 832 2045 differt
855 1982 895 2045 ab
918 1982 1052 2045 insania.

382 2087 423 2152 A.
459 2086 567 2167 Quid?
595 2089 654 2153 tibi
677 2089 820 2153 omnisne
844 2089 943 2154 animi
965 2089 1135 2154 commotio
1158 2088 1284 2153 ridetur
1306 2088 1453 2153 insania?

382 2193 432 2258 Μ.
467 2194 541 2259 Non
563 2195 644 2259 mihi
660 2195 788 2276 quidem
812 2196 880 2272 soli,
903 2194 967 2272 sed,
991 2195 1023 2259 id
1040 2195 1125 2277 quod
1141 2195 1291 2260 admirari
1314 2213 1408 2279 saepe
1432 2195 1527 2274 soleo,

294 2301 519 2365 maioribus
543 2319 668 2384 quoque
692 2302 848 2366 nostris
871 2303 933 2367 hoc
954 2302 1001 2366 ita
1020 2303 1125 2367 visum
1148 2303 1299 2385 intellego
1322 2303 1433 2367 multis
1457 2321 1528 2366 sae-

294 2511 345 2566 wie
364 2512 436 2567 beim
454 2512 545 2566 Meere
562 2513 619 2566 drei
638 2513 770 2567 Zustdnde
788 2512 1011 2568 unterschieden:
1030 2513 1188 2582 stiirmisch,
1207 2515 1279 2568 sanft
1297 2514 1413 2582 bewegt,
1432 2514 1527 2583 ruhig;

295 2618 324 2657 so
342 2601 425 2657 suche
442 2618 505 2655 man
524 2602 620 2656 immor
637 2602 681 2657 die
699 2602 788 2657 antike
806 2601 986 2659 sinnliche
1004 2603 1255 2673 Bezeichnung
1272 2604 1330 2658 fiir
1348 2603 1528 2673 Geistiges

296 2692 351 2745 und
363 2691 515 2760 vergleiche
525 2692 609 2745 damit
620 2692 664 2747 die
676 2693 811 2747 modeme.
833 2699 919 2763 Πάθη
933 2694 993 2748 sind
1003 2694 1220 2763 Empfindungen
1230 2694 1367 2761 (Schmerz
1376 2694 1432 2748 und
1441 2694 1528 2762 Luat),

296 2782 414 2848 Arcera,
433 2780 541 2851 Leiden,
560 2781 793 2850 Icidenschaften,
813 2782 970 2852 Stiirungen.
1007 2783 1057 2838 Die
1077 2783 1175 2837 einmal
1192 2783 1322 2853 gewihlte
1341 2774 1529 2852 Ubersetzung

295 2868 387 2924 istim
404 2870 532 2924 weiteren
550 2870 664 2926 Verlauf
682 2870 894 2926 beizubehalten.
932 2872 1026 2928 Cicero
1044 2872 1104 2940 hat,
1129 2873 1180 2926 wie
1204 2872 1272 2926 auch
1296 2873 1339 2926 die
1357 2872 1440 2927 Stella
1459 2873 1529 2926 oben

297 2959 414 3028 zeigt-
425 2964 575 3028 poteram(
563 2961 719 3029 (appellare)
737 2960 865 3029 morbos,
866 2960 924 3028 ,ich
939 2961 1079 3015 kbnnte..
1092 2965 1178 3030 ‘„‘··,
1198 2960 1439 3030 dieInlrongruenz
1457 2963 1530 3015 diter

297 3049 505 3117 empfunden„
484 3049 706 3119 s516,dofin
719 3050 756 3117 H,
766 3053 814 3105 13:
830 3066 932 3118 „saepe
946 3050 1099 3120 quaerimus
1113 3050 1225 3104 verbum
1238 3049 1351 3103 latinum
1364 3067 1413 3118 par
1427 3051 1529 3104 Graeco

297 3138 412 3208 etquod
431 3138 502 3192 idem
520 3138 643 3206 valeat‘3
662 3154 683 3193 s.
697 3139 890 3208 EinleitungS.
906 3140 1010 3195 9i'1ber
1027 3140 1070 3194 die
1084 3139 1262 3209 Darstellung
1295 3140 1336 3193 De
1349 3139 1398 3193 fin.
1413 3140 1463 3208 III,
1478 3142 1529 3195 35:

297 3228 378 3295 „Neo
396 3244 460 3282 vero
482 3228 695 3296 perturbationes
713 3228 876 3296 animorum,
901 3246 969 3299 quae
987 3228 1071 3284 vitam
1094 3228 1278 3297 insipientium
1301 3229 1427 3284 miseram
1452 3245 1530 3283 acer-

298 3317 411 3387 bamque
429 3318 543 3372 reddunt
561 3348 595 3358 —
614 3332 680 3387 quas
694 3318 788 3371 Graeci
802 3323 881 3387 πάθη
899 3317 1034 3386 appellant
1052 3349 1087 3359 -
1105 3320 1225 3387 poteram
1243 3334 1291 3387 ego
1309 3319 1423 3373 verbum
1441 3318 1531 3386 ipsum

297 3406 476 3473 interpretans
494 3407 599 3460 morbos
613 3406 755 3475 appellare,
774 3408 890 3461 sednon
909 3408 1065 3462 conveniret
1079 3410 1112 3462 ad
1130 3408 1225 3463 omnia.
1255 3408 1320 3475 Quis
1335 3407 1406 3461 enim
1424 3408 1531 3461 miseri-

298 3494 413 3548 cordiam
432 3496 480 3548 aut
496 3494 581 3563 ipsam
599 3494 763 3550 iracundiam
782 3497 904 3550 morbum
922 3496 991 3551 solet
1004 3497 1113 3551 dicere?
1144 3499 1181 3551 At
1198 3497 1238 3550 iili
1256 3498 1349 3552 dicunt
1367 3501 1530 3559 ncidocf‘-

298 3584 366 3637 Was
379 3582 472 3638 Cicero
490 3586 570 3638 unter
587 3584 727 3653 acpritudc
740 3586 902 3640 verstanden
921 3587 1018 3640 wissen
1036 3586 1100 3653 will,
1119 3586 1191 3641 lehrt
1209 3588 1225 3655 ὅ
1240 3590 1283 3643 83.
1302 3618 1337 3626 -
1354 3587 1530 3656 [ονιιιιὶίίιιω]

298 3672 341 3726 die
366 3676 635 3742 eutgegengesetzten
652 3675 762 3729 Afielrte
780 3675 882 3729 Furcht
905 3676 961 3729 und
979 3676 1046 3730 Lust
1070 3675 1199 3730 beziehen
1224 3676 1282 3729 sich
1307 3676 1353 3729 aut
1370 3675 1531 3744 Kiinftiges3

298 3760 463 3815 iracundiae
487 3762 546 3815 sind
570 3762 615 3817 ein
632 3762 688 3817 Teil
712 3764 761 3818 der
783 3764 912 3818 libidines
930 3764 1054 3835 (Zernes
1078 3765 1142 3819 oder
1159 3765 1380 3833 Rachegetiihle).
1406 3795 1440 3803 —
1465 3771 1533 3819 essct

298 3850 408 3904 verdum
425 3868 439 3904 e
455 3850 568 3921 verbo],
570 3858 649 3919 ,wire
666 3852 818 3907 wdrtlich‘fi
843 3854 1010 3924 -usc'tatc]
1030 3854 1080 3908 wie
1104 3857 1179 3908 ecnst
1200 3854 1313 3908 uariata
1334 3859 1359 3907 ct
1382 3853 1532 3907 cottidianas

299 3939 386 3993 verbis
408 3939 464 4008 aci,
489 3940 565 3995 trotio
583 3945 688 4011 dero„
695 3944 775 3997 niitze
793 3942 840 3997 ab‘
842 3943 965 4012 ‘)vcrbta
983 3946 1114 4014 (συνήθη,
1139 3951 1250 4018 κείμενα
1269 3947 1406 4018 ὀνόματα,
1431 3942 1483 4012 vgl.
1504 3960 1531 3997 ιι.

299 4030 393 4099 510),
419 4028 512 4084 Cicero
531 4030 650 4084 erachtet
667 4031 736 4085 auch
754 4034 829 4085 sonet
851 4032 903 4086 den
928 4034 1011 4101 guten
1030 4031 1392 4102 Sprachgebrauoh(cooceaae
1393 4034 1466 4102 tado)
1485 4033 1533 4085 fiir

301 4118 501 4173 entsobeidend.

373 4220 397 4264 ι.
415 4208 491 4262 mibi
506 4209 575 4278 cero]
596 4208 645 4277 „ja
662 4209 714 4262 mir
794 4211 868 4264 ani
859 4227 921 4279 Jene
939 4211 1017 4265 deine
1035 4210 1150 4265 Weise“
1156 4231 1163 4279 3
1182 4211 1367 4281 gewdhnliche
1385 4212 1465 4265 Form
1483 4211 1533 4264 der

301 4295 503 4365 bestitigenden
515 4299 687 4352 Antworten:
707 4315 795 4368 „ganz
810 4299 887 4353 recht
904 4302 964 4354 eo“.
985 4332 1019 4341 —
1038 4300 1168 4370 Haecine]
1182 4300 1305 4369 hauiiger
1323 4300 1480 4354 alebaece.
1497 4330 1532 4340 —

301 4384 419 4439 Prorsus
437 4386 574 4456 aratione]
599 4390 668 4442 etwa
686 4389 746 4444 dem
766 4395 842 4445 πάνυ
858 4392 913 4464 μὲν
932 4388 981 4445 οὖν
998 4390 1182 4444 Platonischer
1199 4389 1309 4458 Dialoge
1328 4387 1532 4457 entsprechend,

300 4473 363 4527 eine
385 4475 473 4529 starke
491 4475 671 4547 Besadgung.
708 4478 741 4532 In
759 4479 812 4532 den
830 4478 938 4534 kleinen
961 4480 1086 4533 ¹aiuiseren
1104 4478 1210 4533 Mittoln
1228 4478 1293 4531 wird
1315 4478 1359 4531 die
1377 4477 1533 4547 Lebhaftig-

301 4562 357 4617 dreit
369 4564 417 4619 des
430 4564 620 4620 Platonischen
633 4566 740 4636 Dialogs
754 4568 915 4637 augestrebt.
935 4598 969 4608 —
987 4568 1030 4637 aa]
1051 4572 1120 4637 (aaa,
1139 4569 1196 4636 ναί)
1216 4565 1391 4635 „wahrlich“.
1411 4600 1445 4607 -
1465 4586 1534 4637 pace
