3642 5225
762 525 819 580 ns.
838 525 886 595 π,
905 542 928 580 0.
947 527 1043 582 e-ro.
1486 525 1522 588 oo

288 691 369 755 dum
400 691 543 755 animum
572 692 740 771 tamquam
768 688 991 770 inliquefaotae
1021 690 1212 772 uoluptates.
1256 689 1442 755 Iaotatio
1473 692 1521 755 est

288 797 438 881 voluptas
455 799 594 877 gestiens
615 800 648 861 et
671 815 704 860 se
721 794 855 861 efferens
871 796 1069 861 insolentius.
1108 794 1197 875 Quae
1221 799 1331 862 autem
1353 797 1563 862 libidiniar

289 905 434 969 subieota
457 906 542 982 suut,
566 923 603 968 ea
627 904 672 968 sio
695 903 898 980 definiuntur,
925 905 963 967 ut
985 903 1046 968 ira
1070 904 1112 968 sit
1135 903 1230 968 iibido
1254 904 1420 988 poeniendi
1443 905 1520 982 eius,

290 1013 348 1094 qui
375 1011 522 1077 videatur
551 1011 682 1075 laesisse
711 1010 845 1087 iniuria,
879 1010 1227 1075 exoandesoentia
1261 1013 1370 1076 autem
1401 1011 1444 1076 sit
1471 1012 1520 1076 ira

287 1137 423 1184 naseeus
448 1121 481 1183 et
503 1118 596 1182 modo
621 1118 784 1195 exsistens,
809 1136 890 1199 quae
915 1117 1065 1200 θύμωσις
1089 1116 1209 1183 Graece
1233 1118 1361 1196 dieitur,
1385 1119 1519 1183 odium

287 1227 337 1291 ira
359 1227 546 1302 inveterata,
568 1224 797 1289 inimicitia
818 1224 867 1289 ira
889 1224 1063 1289 uleisoendi
1083 1227 1210 1308 tempus
1233 1225 1413 1303 observans,
1437 1225 1519 1290 dis-

288 1332 427 1398 eordia
449 1333 498 1396 ira
521 1332 661 1397 aeerbior
675 1331 790 1396 intimo
814 1332 919 1396 animo
944 1333 977 1396 et
992 1332 1084 1396 eorde
1101 1334 1261 1415 oonoepta,
1283 1332 1519 1414 indigentia

286 1440 384 1504 libido
411 1438 624 1523 inexplebilis,
654 1438 907 1503 desiderium
930 1438 1027 1503 libido
1056 1439 1140 1516 eius,
1172 1439 1225 1521 qui
1253 1439 1394 1504 nondum
1426 1439 1518 1516 adsit,

287 1546 423 1612 videndi.
461 1545 673 1628 Distinguunt
695 1544 776 1609 illud
793 1546 900 1623 etiam,
924 1547 962 1609 ut
985 1546 1080 1610 libido
1105 1546 1147 1610 sit
1163 1564 1273 1610 aarum
1295 1564 1412 1624 rerum,
1436 1565 1517 1628 quae

288 1655 439 1719 diouutur
462 1654 500 1718 de
524 1652 662 1734 quodam
686 1654 743 1717 aut
761 1652 963 1734 quibusdam,
986 1671 1068 1735 quae
1091 1652 1345 1740 κατηγορήματα
1361 1652 1517 1718 dialeotiei

288 1762 459 1845 appellant,
482 1762 520 1824 ut
541 1760 657 1824 habere
682 1759 818 1837 divitias,
842 1778 955 1842 sapere
975 1760 1119 1838 honores,
1141 1759 1316 1842 indigentia
1338 1779 1446 1825 rerum
1469 1760 1517 1843 ip-

287 1887 397 1933 sarum
420 1869 478 1945 sit,
507 1869 545 1932 ut
566 1867 738 1943 honorum,
770 1868 808 1930 ut
830 1867 992 1949 pecuniae.
1083 1866 1235 1933 Omnium
1258 1869 1367 1931 autem
1390 1869 1558 1950 portur-aa

284 1975 451 2040 bationum
474 1973 595 2038 fontem
618 1992 686 2038 ease
703 1973 813 2037 dieunt
835 1973 1217 2057 intemperantiam,
1241 1992 1322 2056 quae
1346 1976 1397 2038 est
1412 1992 1431 2038 a
1446 1976 1515 2038 tota

284 2084 393 2147 mente
410 2082 445 2164 [a
459 2085 548 2146 reeta
562 2081 699 2163 ratione]
716 2079 850 2145 deieotio
874 2081 920 2145 sio
936 2099 1048 2145 aversa
1071 2098 1090 2144 a
1104 2081 1350 2164 praescriptione
1372 2080 1514 2158 rationis,

285 2191 323 2253 ut
349 2189 438 2253 nullo
465 2188 557 2252 modo
586 2188 796 2271 appetitiones
824 2188 922 2251 animi
951 2206 1008 2252 neo
1031 2188 1098 2269 regi
1121 2206 1179 2252 nee
1207 2188 1362 2252 contineri
1385 2190 1513 2269 queant.

285 2294 562 2375 Quemadmodum
583 2295 682 2377 igitur
704 2294 920 2377 temperantia
944 2293 1036 2359 sedat
1059 2295 1268 2377 appetitiones
1293 2296 1325 2359 et
1347 2294 1452 2371 efficit,
1475 2297 1514 2358 ut

284 2421 340 2468 eae
363 2404 469 2467 reatae
491 2401 606 2466 rationi
621 2402 764 2484 pareant,
787 2403 1017 2482 oonservatque
1034 2401 1233 2466 considerata
1247 2401 1364 2465 iudioia
1386 2400 1513 2480 mentis,

283 2510 331 2575 sio
356 2509 431 2574 huie
457 2509 586 2573 inimioa
612 2508 860 2591 intemperantia
891 2526 1014 2572 omnem
1048 2508 1145 2572 animi
1175 2509 1298 2572 statum
1324 2507 1512 2586 inflammat,

283 2617 462 2695 oonturbat,
484 2617 605 2693 incitat,
628 2616 737 2698 itaque
763 2619 796 2680 et
812 2616 1028 2698 aegritudines
1052 2617 1085 2680 et
1098 2618 1205 2681 metus
1229 2618 1262 2681 et
1284 2616 1425 2697 reliquae
1441 2635 1512 2699 per-

282 2724 482 2789 turbationes
505 2742 615 2787 omnes
638 2723 814 2805 gignuntur
837 2742 875 2787 ex
899 2741 945 2787 ea

373 2829 663 2910 Quemadmodum,
695 2849 768 2894 eum
801 2830 931 2912 sanguis
959 2832 1126 2913 corruptus
1156 2831 1206 2894 est
1234 2832 1291 2894 aut
1316 2830 1434 2912 pituita
1462 2848 1512 2894 re·
1521 2816 1564 2877 1⁰

282 2938 405 3003 dundat
428 2939 486 3003 aut
500 2938 582 3014 bilis,
604 2937 637 3001 in
661 2955 788 3020 eorpore
811 2938 916 3001 morbi
940 2938 1235 3020 aegrotationesque
1256 2939 1442 3015 naseuntur,
1466 2902 1554 3002 sio2⁸

355 3179 395 3221 21.
421 3166 478 3236 ira]
503 3182 524 3220 s.
543 3183 567 3221 ο.
590 3167 699 3234 H1,1l
723 3171 821 3243 (ὄρεξις
842 3169 914 3240 μετὰ
933 3170 1020 3235 λύπης
1038 3169 1188 3238 τιμωρίας).
1218 3196 1251 3205 —-
1279 3165 1509 3234 mandassem]

279 3254 483 3324 „Anfwallung
503 3255 688 3310 Zorneswut“.
717 3287 751 3296 -
779 3255 884 3324 odium]
903 3266 986 3328 μῆνις
1004 3258 1071 3328 ὀργὴ
1089 3262 1128 3318 εἰς
1146 3260 1303 3311 παλαίωσιν
1321 3258 1510 3327 ἀποτιθεμένη

280 3344 484 3415 („aufgehoben
500 3345 548 3398 fiir
564 3345 641 3414 lange
660 3345 765 3413 Zeiti‘)·,
783 3345 953 3399 Andronicus
972 3344 1090 3398 Rhodius
1109 3350 1172 3417 περὶ
1190 3352 1292 3400 παθῶν
1310 3360 1335 3413 p.
1354 3344 1416 3411 523,
1435 3342 1510 3396 nieht

278 3442 376 3509 μῖσος;
396 3436 482 3508 ὁμὲν
500 3437 554 3508 γὰρ
572 3437 745 3508 ὀργιζόμενος
762 3440 898 3501 λυπεῖται,
919 3439 934 3489 ὁ
953 3437 985 3491 δὲ
1002 3447 1095 3509 μισῶν
1112 3437 1146 3503 (z.
1156 3434 1187 3487 Β.
1207 3438 1255 3489 τὸν
1268 3435 1396 3502 κλέπτην)
1415 3438 1454 3489 οὔ.
1475 3463 1509 3472 -

278 3522 445 3592 inimicitia]
470 3527 551 3586 κότος
567 3522 739 3592 („Grimm“)
757 3527 789 3579 δὲ
808 3527 875 3598 ὀργὴ
891 3528 989 3597 καιρὸν
1007 3528 1186 3596 ἀποτηροῡσα
1204 3523 1348 3592 („lauernd
1366 3523 1454 3591 auf“).
1474 3554 1508 3562 —

278 3613 414 3681 wnceptu]
434 3612 516 3679 „in“.
544 3644 578 3652 -
603 3612 706 3666 libatio:
726 3613 890 3682 indigenam]
910 3631 933 3667 z.
953 3613 984 3667 B.
1003 3614 1105 3683 gesund
1124 3614 1182 3668 sein
1199 3612 1347 3682 (Pridikat)
1364 3612 1419 3667 will
1437 3628 1508 3680 man,

279 3699 446 3755 Gesundheit
462 3701 653 3770 (Gegenstand)
670 3701 784 3756 brauoht
801 3719 871 3756 man.
896 3734 930 3742 -
955 3703 1131 3773 dammum]
1151 3702 1243 3759 Oioero
1262 3702 1346 3757 selbst
1363 3702 1509 3771 gebranoht

278 3789 359 3843 meist
375 3790 424 3844 der
435 3790 585 3845 Definition
599 3791 809 3860 entspreohend:
828 3809 871 3845 me
885 3792 1052 3846 ἀιοιᾶιττααι
1065 3797 1133 3846 tenet
1146 3791 1190 3846 tui
1207 3792 1272 3846 oder
1289 3791 1374 3845 orbais.
1394 3822 1428 3832 —
1447 3791 1508 3845 ἀϊσ-

278 3878 430 3949 asiai1=
452 3879 545 3933 Stoici.

351 3980 392 4023 aa.
412 3968 662 4039 intemperentiam]
681 3969 724 4024 die
737 3972 863 4037 απαιᾶιιι,
884 3970 931 4024 das
946 3970 1085 4039 Gegenteil
1102 3986 1156 4024 von
1174 3968 1355 4038 temperantia
1372 3969 1438 4023 oder
1449 3985 1507 4022 mo-

276 4057 381 4111 deratio
406 4059 471 4112 oder
489 4063 668 4133 σωφροσύνη,
694 4058 758 4114 laist
776 4059 819 4113 die
838 4059 932 4113 Triebe
956 4076 1041 4128 gegen
1059 4060 1102 4114 die
1124 4059 1197 4114 ruisi>
1217 4061 1339 4127 (autore)
1364 4056 1422 4111 siah
1447 4058 1507 4111 aui-

275 4144 390 4215 lehnen,
415 4149 482 4203 stdrt
506 4163 651 4217 sozusagen
669 4147 712 4202 die
737 4147 1024 4217 staatiioheO1dnung
1046 4149 1094 4202 der
1111 4148 1201 4217 Seele;
1230 4149 1269 4203 sie
1291 4148 1327 4202 ist
1350 4147 1392 4201 die
1412 4146 1506 4213 Qualis

276 4235 344 4291 aller
357 4236 581 4305 perturbatiores,
600 4236 656 4291 also
674 4237 749 4291 nieht
766 4237 814 4291 der
831 4237 916 4291 libatio
934 4239 1157 4293 unterzuordnen.

347 4378 424 4450 Kap.
447 4380 497 4439 10.
536 4393 577 4436 aa.
600 4380 716 4449 εααηιιιι
734 4386 879 4450 comptus
960 4382 1061 4452 spolior⁴
1078 4382 1208 4437 animum
1226 4382 1280 4436 und
1298 4385 1444 4458 νοσήματα

274 4470 490 4544 ἀρρωστήματα]
514 4469 721 4524 Ansehlieisend
750 4487 784 4524 an
809 4469 851 4525 die
869 4470 1095 4542 intemperentia,
1124 4470 1167 4526 die
1187 4471 1281 4538 Qnelle
1304 4471 1372 4527 aller
1388 4470 1504 4528 Leiden-

272 4557 413 4627 sohaiten,
439 4557 505 4613 wird
522 4559 570 4613 der
587 4558 730 4628 Vergleieh
749 4560 797 4615 des
816 4558 983 4631 chrysippus
1001 4560 1134 4616 zwisohen
1152 4562 1204 4615 den
1222 4559 1504 4617 Kraukheitsereohei-
