3642 5225
325 521 363 582 44
724 521 932 578 rasomonorum
950 522 1158 592 disputationum

326 685 453 764 mirari,
482 705 556 751 omn
586 685 751 764 eooiderit,
780 685 875 764 nihil,
910 686 985 750 ante
1015 703 1115 767 quam
1144 685 1300 765 evenerit,
1333 705 1397 751 non
1431 687 1572 752 evenire

327 811 421 877 posse
445 792 601 858 arbitmi.
1507 807 1508 810 ¹
1570 817 1571 821 =

441 906 740 987 Quamobrem
764 908 910 987 omnis,
934 927 1021 973 oum
1045 907 1246 974 secundae
1270 927 1334 974 res
1358 910 1571 976 suntme·

677 1079 680 1084 ,
1120 1034 1251 1094 nume,
1273 1017 1355 1080 tum
1377 1014 1571 1084 minume

440 1121 638 1188 Medittri
653 1141 780 1189 seeum
795 1123 966 1206 oportet,
982 1141 1053 1206 qno
1068 1124 1179 1206 paoto
1196 1121 1394 1189 idversam
1411 1143 1569 1191 eornm-

1124 1229 1214 1294 ntm
1237 1229 1384 1296 ferant.

441 1335 624 1415 Periela,
658 1336 802 1402 damna
831 1335 1003 1421 peregre
1037 1337 1202 1402 rediens
1237 1336 1391 1421 semper
1423 1357 1571 1405 seeum

1125 1444 1287 1526 cogitet

442 1553 519 1616 Aut
541 1550 608 1616 fili
629 1553 842 1635 peceatum
858 1551 1086 1616 auituxoris
1109 1552 1277 1616 mortem
1300 1555 1367 1617 aut
1389 1553 1568 1619 morbum

1124 1657 1260 1737 filiae,

445 1763 668 1831 Communia
691 1783 774 1830 esse
797 1765 904 1844 haee,
926 1764 971 1831 ne
997 1766 1088 1849 quid
1110 1766 1245 1830 horum
1268 1784 1446 1849 umquam
1462 1765 1571 1832 deoi-

1127 1872 1196 1938 dat
1219 1873 1353 1938 animo
1376 1892 1541 1949 novnm;

445 1975 639 2061 Quicquid
668 1981 821 2063 praeter
851 1998 955 2064 spem
984 1978 1149 2059 eveniat,
1179 1998 1285 2044 omne
1315 1979 1354 2044 id
1376 1978 1571 2064 ddputare

1126 2104 1215 2152 esse
1238 2086 1279 2151 in
1302 2088 1425 2153 luero.

279 2207 322 2269 15
422 2221 507 2303 Ergo
535 2221 596 2287 hoo
618 2220 785 2295 Terentius
809 2240 829 2286 a
850 2221 1050 2305 philosophia
1079 2223 1245 2305 sumptum
1276 2240 1349 2287 oum
1379 2224 1447 2286 tam
1477 2240 1569 2287 oom-

333 2327 426 2403 mode
456 2327 586 2407 dixerit,
616 2346 690 2407 noe,
719 2346 897 2410 equorum
928 2327 1069 2394 fontibus
1098 2328 1131 2392 id
1153 2328 1309 2393 haustum
1338 2329 1403 2407 est,
1432 2346 1497 2392 uon
1527 2332 1568 2394 et

333 2433 476 2500 dioemus
498 2434 558 2499 hoo
580 2434 695 2500 melius
720 2436 753 2500 et
775 2435 974 2501 oonstantius
998 2435 1198 2501 sentiemus?
1243 2435 1306 2500 Hie
1328 2438 1378 2500 est
1401 2435 1486 2500 enim
1508 2435 1569 2501 ille

333 2541 443 2606 vultus
467 2560 592 2626 semper
614 2541 715 2621 idem,
739 2561 835 2625 quem
859 2543 977 2608 dieitur
998 2542 1182 2627 Xanthippe
1205 2541 1388 2628 praedicare
1411 2542 1506 2607 solita
1528 2543 1566 2608 in

291 2293 322 2337 at

333 2649 400 2714 viro
425 2667 482 2714 sno
504 2648 604 2714 fnisse
628 2647 768 2728 Socrate,
797 2650 909 2715 eodem
933 2669 1058 2734 semper
1081 2669 1115 2716 se
1139 2650 1255 2716 vidisse
1279 2652 1448 2715 exeuntem
1470 2650 1566 2717 illum

334 2756 427 2821 domo
456 2758 490 2820 et
516 2758 739 2822 revertentem.
783 2757 852 2822 Nee
874 2776 948 2822 vero
980 2775 1018 2822 ea
1048 2756 1135 2821 frons
1168 2758 1253 2836 erat,
1284 2775 1365 2838 quee
1388 2757 1431 2821 M.
1455 2756 1566 2824 Crassi

334 3003 369 3040 zu
386 2984 514 3052 mechen,
536 2984 593 3037 ihm
616 2985 695 3039 einen
712 2984 836 3039 sioheren
853 2983 919 3039 Halt
936 3002 999 3039 zum
1016 2985 1197 3055 gliiokseligen
1215 2985 1306 3039 Leben
1324 3002 1359 3039 zu
1376 2984 1474 3040 bieten.
1511 2985 1567 3040 Be-

334 3074 418 3129 kannt
435 3073 495 3129 sind
514 3073 558 3128 die
576 3073 672 3128 Worte
689 3073 737 3128 des
755 3073 853 3144 Horaz,
872 3090 914 3143 ep.
933 3074 956 3143 I,
975 3077 1006 3130 6:

337 3160 340 3165 ’
583 3162 630 3218 Nil
649 3162 774 3218 admirari
791 3179 874 3232 prope
892 3178 937 3218 res
955 3165 997 3218 est
1014 3180 1076 3232 una,
1095 3164 1211 3231 Numici,

584 3252 707 3322 Solaque,
725 3268 793 3323 quae
811 3253 895 3322 possit
912 3254 1003 3308 faeere
1022 3256 1050 3308 et
1067 3269 1175 3308 servare
1193 3252 1313 3320 beatum

334 3359 388 3397 von
410 3342 548 3397 Demokrit
565 3359 592 3395 u.
611 3358 635 3396 a
660 3342 726 3396 wird
748 3342 792 3396 die
816 3346 946 3418 ἀθαμβία
965 3342 1147 3413 (Gefafstheit)
1172 3341 1334 3411 empiohlen.
1358 3372 1393 3381 —
1417 3341 1493 3396 nihil

334 3448 391 3485 non
409 3433 499 3501 poene]
525 3432 595 3499 „ani
612 3430 678 3485 alles
695 3432 795 3500 gefaist
812 3431 900 3485 seint
920 3464 955 3472 —
981 3450 1064 3502 quom
1086 3432 1118 3486 ob
1139 3433 1208 3502 rem]
1234 3430 1285 3486 Die
1303 3430 1389 3485 Verso
1408 3429 1566 3501 (iambisohe

335 3520 509 3589 Tetrameter)
534 3520 594 3573 sind
612 3534 661 3574 aus
678 3519 826 3574 {lerenz‘
846 3521 1016 3589 „Phormiot‘
1035 3522 1071 3590 11,
1091 3523 1116 3589 2,
1137 3522 1207 3577 llis.
1227 3521 1379 3591 (ungenau).
1400 3552 1434 3561 -
1458 3520 1565 3591 eoqe'tet}

335 3608 472 3679 Singular,
490 3608 530 3663 als
547 3608 627 3678 ginge
644 3626 774 3678 quaeroque
791 3614 891 3679 oportet
908 3625 1013 3664 vorans.
1033 3641 1067 3650 -
1090 3610 1289 3680 depromemus
1307 3609 1340 3663 ia
1357 3610 1442 3679 luero]
1465 3610 1565 3679 Herm,

336 3715 377 3768 ep.
396 3698 464 3766 1,4,
484 3699 572 3753 1211:

584 3787 661 3841 Inter
678 3803 752 3856 spem
771 3804 924 3857 curamque,
943 3788 1052 3843 timores
1070 3787 1141 3842 inter
1159 3790 1187 3842 et
1203 3787 1257 3841 iras

585 3876 699 3932 Omnem
717 3877 796 3932 erede
814 3877 885 3931 diem
903 3877 952 3931 tibi
970 3877 1098 3932 diluxisse
1116 3891 1284 3946 supremum:

585 3965 666 4020 Grata
684 3967 864 4035 superveniet,
883 3983 952 4035 quoe
971 3982 1025 4020 non
1043 3966 1193 4036 sperabitur
1209 3966 1282 4020 hora.

334 4056 472 4126 deputare]
491 4055 654 4111 dichteriseh
672 4056 757 4110 diters
774 4056 821 4109 fiir
838 4056 886 4110 das
905 4056 1029 4110 einieohe
1045 4061 1156 4126 Μανῆ
1183 4061 1295 4125 ergitnze
1313 4060 1420 4124 oportet.
1449 4086 1484 4095 -
1510 4071 1567 4108 oeae

335 4144 369 4199 in
386 4145 471 4215 hero]
491 4144 531 4199 als
549 4144 661 4199 Gewinn
680 4160 713 4198 nu
731 4144 888 4199 betraehten
907 4146 947 4199 sei
965 4146 1121 4212 (modum
1138 4147 1212 4214 esse).

406 4286 483 4356 Καρ.
506 4288 557 4345 15.
597 4300 638 4342 at.
657 4286 727 4357 uiro]
745 4287 790 4341 oir
808 4288 849 4342 oft
865 4289 912 4341 fiir
929 4286 1064 4354 mortim
1083 4287 1151 4340 auoh
1170 4286 1207 4339 im
1225 4285 1414 4340 Lateinieehen
1431 4284 1499 4337 wird
1516 4284 1566 4337 der

335 4374 500 4444 Eigenneme
518 4375 610 4445 hiufig
628 4375 816 4445 naehgestellt,
835 4376 888 4446 vgl.
908 4379 924 4445 ξ
942 4378 985 4433 38.
1005 4407 1039 4416 -
1063 4375 1102 4429 M.
1126 4375 1251 4445 Οναεεαε]
1270 4375 1327 4428 Der
1345 4373 1499 4428 Grotevater
1517 4372 1567 4426 dee

336 4463 495 4532 Triumvirn,
510 4463 603 4520 Cicero
616 4466 650 4519 de
663 4466 712 4518 iin.
727 4466 761 4533 V,
776 4469 825 4522 92:
845 4507 861 4536 „
867 4466 988 4520 Dicimus
1002 4464 1117 4535 aliquem
1131 4464 1216 4518 hilare
1229 4464 1335 4531 vivere;
1355 4479 1425 4533 erg0,
1445 4462 1468 4517 si
1482 4463 1566 4517 semel

336 4552 439 4607 tristior
462 4554 578 4608 eiieotns
603 4556 656 4623 est,
680 4554 767 4610 hilara
784 4556 839 4610 vita
857 4555 955 4610 amissa
972 4554 1034 4609 este
1070 4555 1107 4608 At
1130 4552 1181 4607 hoe
1203 4552 1231 4606 in
1250 4567 1282 4607 eo
1300 4552 1336 4607 Μ.
1357 4552 1466 4621 Crasso,
1485 4568 1566 4623 quem
