3642 5225
323 535 376 596 let
639 559 642 564 ·
719 536 927 592 Tusculanarum
945 536 1153 605 disputationum

270 684 312 746 1¹
411 698 453 762 A
488 698 629 764 Adducis
652 719 713 777 me,
736 703 775 765 ut
796 700 856 764 tibi
879 700 1051 765 adsentiar.
1098 699 1160 765 Sed
1185 702 1244 764 tua
1267 720 1392 782 quoque
1416 700 1491 765 vide
1515 720 1563 766 ne

280 769 522 871 ”desideretur
544 808 733 871 constantia.

411 911 461 976 M.
494 912 641 992 Quonam
663 913 780 978 modo?

410 1019 453 1084 A.
488 1019 571 1100 Quia
599 1021 662 1102 legi
692 1023 806 1085 tuum
835 1040 939 1104 nuper
963 1023 1154 1103 quartum
1177 1021 1222 1085 de
1246 1020 1421 1094 finibus;
1451 1023 1486 1084 in
1520 1041 1562 1086 eo

323 1127 402 1192 mihi
425 1128 572 1192 videbare
596 1130 706 1192 contra
721 1127 876 1194 Catonem
897 1127 1056 1193 disserens
1079 1128 1140 1192 hoc
1162 1128 1244 1193 velle
1267 1127 1441 1204 ostendere,
1467 1128 1563 1208 quod

322 1235 402 1298 mihi
425 1234 555 1316 quidem
574 1235 735 1318 probatur,
758 1235 842 1298 inter
865 1234 1064 1298 Zenonem
1088 1236 1120 1298 et
1142 1234 1448 1317 Peripateticos
1472 1235 1563 1298 nihil

322 1344 450 1424 praeter
472 1343 640 1406 verborum
663 1343 838 1408 novitatem
861 1342 1026 1406 interesse.
1072 1340 1164 1420 Quod
1187 1342 1215 1406 si
1237 1343 1284 1405 ita
1306 1344 1370 1419 est,
1402 1341 1479 1423 quid
1504 1345 1563 1407 est

323 1467 454 1525 causae,
484 1450 577 1531 quin,
607 1450 635 1512 si
658 1448 792 1513 Zenonis
820 1449 936 1512 rationi
959 1451 1208 1513 consentaneum
1231 1449 1274 1511 sit
1297 1450 1376 1513 satis
1400 1467 1562 1530 magnam

323 1556 389 1621 rim
411 1556 445 1620 in
468 1557 585 1621 virtute
609 1575 679 1620 esse
702 1555 742 1619 ad
765 1557 857 1620 beate
880 1556 1068 1633 vivendum,
1097 1556 1194 1621 liceat
1223 1555 1308 1620 idem
1330 1556 1561 1639 Peripateticis

324 1662 450 1727 dicere?
496 1663 577 1727 Rem
600 1663 685 1727 enim
708 1663 817 1745 opinor
840 1664 977 1746 spectari
1000 1665 1152 1746 oportere,
1175 1682 1238 1727 non
1261 1665 1366 1728 verba.

282 1789 313 1832 ss
413 1768 463 1833 M.
494 1771 541 1834 Tu
566 1770 694 1851 quidem
717 1770 843 1835 tabellis
867 1771 1042 1852 obsignatis
1067 1771 1135 1853 agis
1159 1790 1285 1835 mecum
1309 1774 1341 1835 et
1363 1770 1563 1850 testificaris,

327 1876 403 1959 quid
419 1877 551 1941 dixerim
576 1877 747 1959 aliquando
771 1879 828 1941 aut
851 1878 1041 1961 scripserim.
1087 1876 1169 1942 Cum
1193 1878 1264 1942 aliis
1287 1878 1349 1942 isto
1372 1877 1475 1954 modo,
1500 1879 1563 1960 qui

325 1984 449 2067 legibus
478 1985 635 2068 impositis
659 1984 842 2068 disputant;
876 2003 935 2049 nos
965 1985 998 2048 in
1027 1984 1111 2048 diem
1142 1985 1295 2059 vivimus3
1331 1984 1562 2066 quodcumque

325 2093 451 2155 nostros
475 2092 598 2155 animos
621 2092 844 2175 probabilitate
868 2092 1035 2175 percussit
1057 2091 1090 2155 id
1115 2091 1259 2169 dicimus,
1286 2093 1395 2174 itaque
1419 2092 1479 2156 soli
1504 2112 1563 2156 su-

325 2217 399 2263 mus
414 2199 515 2263 liberi.
560 2199 683 2264 Verum
698 2201 816 2272 tamen,
840 2200 991 2281 quoniam
1008 2199 1046 2264 de
1062 2200 1243 2264 constantia
1266 2200 1362 2282 paulo
1386 2200 1460 2263 ante
1478 2200 1564 2263 dixi-

326 2324 414 2383 mus,
443 2325 508 2370 non
532 2325 589 2388 ego
612 2307 672 2371 hoc
694 2307 762 2370 loco
784 2307 816 2370 id
841 2307 1060 2388 quaerendum
1082 2309 1176 2389 puto,
1205 2325 1356 2371 verumne
1380 2307 1439 2384 sit,
1472 2309 1563 2388 qnod

327 2411 446 2476 Zenoni
461 2414 617 2496 placuerit
633 2414 780 2496 quodque
804 2413 873 2478 eius
889 2414 1028 2478 auditori
1043 2414 1194 2490 Aristoni,
1218 2415 1336 2479 bonum
1352 2432 1421 2479 esse
1442 2415 1563 2493 solum,

328 2519 410 2600 quod
435 2520 606 2585 honestum
629 2523 729 2597 esset,
753 2520 824 2598 sed,
848 2521 876 2584 si
898 2521 945 2584 ita
968 2522 1068 2598 esset,
1097 2522 1168 2585 tum
1191 2523 1230 2585 ut
1252 2525 1357 2585 totum
1380 2520 1439 2585 hoc
1462 2521 1562 2587 beate

284 2644 313 2686 ss
327 2627 431 2692 vivere
454 2629 487 2691 in
510 2648 575 2693 una
597 2629 716 2694 virtute
739 2632 919 2713 poneretur.
965 2627 1071 2707 Quare
1089 2628 1201 2693 demus
1217 2628 1276 2694 hcc
1292 2647 1368 2693 sane
1383 2628 1497 2705 Bruto,
1521 2634 1563 2694 ut

328 2735 370 2799 sit
404 2736 518 2800 beatus
548 2720 673 2818 semper
703 2737 845 2819 sapiens3
882 2754 980 2817 quam
1014 2736 1074 2800 sibi
1110 2737 1291 2813 conveniat,
1326 2737 1393 2818 ipse
1425 2736 1561 2811 riderit3

400 2964 477 3033 Kap.
504 2967 554 3023 11.
599 2977 639 3020 ιι.
665 2965 715 3019 Die
741 2964 954 3033 Ausiiihrungen
980 2964 1049 3018 iiber
1076 2965 1333 3033 Konsequenz
1361 2964 1562 3033 „constantia“

328 3056 353 3123 (ᾖ
371 3055 487 3122 22-32)
510 3054 596 3124 geben
619 3055 680 3109 dem
698 3056 724 3108 A
743 3054 907 3124 gegri'mdete
926 3054 1140 3123 Veranlassung,
1167 3054 1236 3107 auch
1254 3054 1347 3109 Cicero
1369 3054 1417 3107 des
1434 3053 1562 3123 Mangels

328 3160 361 3197 an
387 3145 563 3214 Konsequenz
588 3161 621 3198 zu
646 3144 851 3213 beschuldigen3
877 3143 960 3197 damit
983 3143 1056 3197 trifft
1079 3160 1110 3197 er
1133 3144 1185 3197 den
1210 3142 1393 3197 schwiiehsten
1417 3143 1507 3197 Punlrt
1530 3144 1563 3197 in

327 3233 434 3289 Ciceros
452 3234 584 3303 Eigenart
611 3265 645 3273 —
672 3239 750 3288 tuum
768 3234 799 3287 de
816 3233 932 3303 finibus]
956 3233 1038 3287 biber
1055 3233 1139 3287 bleibt
1156 3233 1197 3286 oit
1214 3250 1284 3302 weg,
1309 3233 1360 3286 wie
1379 3232 1447 3301 Nep.
1466 3233 1562 3288 Hann.

328 3326 376 3391 13,
405 3327 432 3378 t:
457 3324 585 3390 „Atticus
607 3322 635 3376 in
659 3322 747 3377 annah
765 3325 836 3377 su0“
855 3323 933 3393 (iiber
951 3322 1143 3391 chronologis).
1180 3321 1231 3375 Die
1253 3322 1318 3375 itini
1335 3321 1443 3376 Biioher
1460 3312 1564 3389 „Uber

327 3413 374 3466 das
392 3411 502 3466 hbchste
521 3412 596 3466 Gutt‘
615 3429 705 3466 waren
723 3428 772 3466 vor
789 3412 894 3466 nahezu
913 3412 1001 3467 einem
1018 3412 1085 3466 Jahr
1103 3411 1304 3465 verdiientlicht
1321 3411 1437 3465 worden.

401 3514 442 3556 ts.
461 3501 565 3555 tabellis
583 3501 743 3571 obsignatis]
763 3501 834 3569 „mit
852 3501 1059 3570 untersiegelten
1079 3500 1256 3568 Urhunden“,
1280 3500 1308 3553 in
1326 3499 1394 3554 aller
1411 3500 1493 3553 Form
1511 3501 1564 3555 des

328 3589 435 3644 Rechts.
459 3590 516 3644 Der
527 3590 633 3660 Mangel
648 3608 681 3645 an
692 3592 868 3660 Konsequenz
883 3590 949 3644 wird
962 3606 1015 3644 von
1026 3590 1118 3646 Cicero
1132 3590 1286 3644 scherzhaft
1298 3588 1348 3642 mit
1360 3589 1450 3642 seiner
1458 3588 1563 3643 Wahr-

328 3678 708 3748 seheinlichkeitsphilosophie
727 3679 914 3749 entsehuldigt.
951 3679 1011 3733 Den
1030 3679 1186 3747 Gedenlen,
1205 3680 1263 3733 dals
1282 3679 1365 3746 Zeno,
1389 3678 1438 3731 der
1455 3678 1563 3731 semiti-

328 3769 393 3824 sche
411 3771 443 3839 (s.
458 3771 473 3838 ξ
487 3770 532 3837 34)
551 3770 758 3837 Wcrtln'instler,
777 3770 815 3823 im
832 3769 1024 3823 wesentlichen
1038 3769 1086 3823 dus
1100 3768 1209 3823 Gleiche
1223 3784 1285 3837 suge
1298 3768 1350 3822 wie
1363 3768 1406 3821 die
1420 3767 1564 3836 Peripate-

328 3857 410 3926 h'lrer,
433 3858 507 3912 hatte
526 3857 633 3913 Ciceros
655 3859 756 3913 Lehrer
775 3857 923 3913 Antiochus
946 3856 1101 3911 wiederholt
1125 3857 1345 3926 ausgesprcchen.
1372 3888 1405 3897 -
1429 3856 1463 3908 in
1486 3856 1565 3912 dmm

327 3948 457 4018 vivimus]
477 3947 556 4016 „Wir
574 3947 653 4002 leben
671 3948 718 4001 fiir
735 3947 788 4002 den
807 3947 945 4001 einzelnen
965 3948 1031 4015 Tag,
1051 3946 1223 4015 tageweise“,
1241 3946 1316 4000 nicht
1335 3946 1382 3999 aui
1399 3945 1567 4001 Lebenszeit

328 4037 414 4091 durch
437 4038 507 4091 leste
524 4036 644 4091 Noumen
666 4036 809 4091 bestimmt.
834 4068 867 4076 —
888 4036 1081 4106 probabilitate
1097 4036 1241 4105 peccarit]
1261 4036 1335 4103 „den
1352 4034 1488 4087 Eindruclr
1514 4036 1565 4089 des

329 4126 597 4181 Wahrscheinlichen
615 4125 739 4196 gemacht
756 4125 833 4180 hat“.
853 4158 887 4165 -
905 4126 1090 4195 quaerendum
1104 4130 1171 4194 puto
1251 4124 1280 4178 si
1296 4128 1369 4190 esset,
1389 4128 1449 4177 tum
1465 4129 1499 4177 ut

325 4217 479 4285 ponerem]
499 4217 555 4270 Aus
572 4233 628 4269 mn
707 4216 889 4284 quaaerendum
900 4220 974 4284 puto,
994 4214 1041 4268 sed
1054 4215 1161 4283 ergiinzt
1179 4214 1237 4267 sich
1251 4215 1294 4267 ein
1307 4212 1482 4267 statuendum
1498 4214 1568 4268 oder

324 4305 483 4373 ponendum
496 4310 563 4374 puto
582 4321 634 4360 von
653 4304 743 4371 selbst,
762 4305 810 4358 das
828 4304 878 4357 mit
894 4303 1004 4357 finalem
1023 4309 1054 4357 ut
1071 4303 1234 4357 lronstruiert
1250 4303 1330 4371 wird;
1356 4303 1399 4356 die
1417 4301 1567 4358 Wechsel·

329 4392 478 4462 beniehung
495 4394 524 4447 si
602 4399 661 4447 tum
678 4394 715 4447 ist
731 4393 807 4448 nicht
825 4393 920 4448 seiten.

402 4496 443 4538 ιι.
461 4482 569 4552 cederit]
589 4509 621 4528 =
641 4483 737 4537 videat
762 4515 795 4523 —
819 4488 957 4537 teneam
975 4484 1015 4553 ut]
1034 4481 1126 4550 htufig
1144 4483 1208 4536 statt
1225 4482 1272 4536 des
1290 4482 1354 4535 Ace.
1373 4497 1396 4534 c.
1416 4480 1485 4534 ini:
1507 4498 1569 4550 „an

329 4572 378 4625 der
395 4572 550 4641 Funderung
566 4572 720 4641 fesdnalten,
739 4573 827 4627 dass“.
