3642 5225
698 620 700 624 Ι
741 548 799 603 ιιι.
818 549 868 616 ιιι,
887 565 910 603 0.
931 552 1043 606 ro-rr.
1472 549 1510 611 aa

279 713 434 790 bifariam,
458 714 611 795 quattuor
624 712 879 796 perturbationes
895 712 1074 794 aequaliter
1089 713 1278 779 distributae
1299 715 1384 779 sunt.
1422 713 1508 779 Nam

280 821 361 886 duae
378 822 506 885 suntor
523 819 669 903 opinione
684 819 767 896 boni,
791 837 929 901 quarum
952 820 1063 898 altera,
1086 821 1280 905 voluptas
1304 821 1507 904 gestiens,

278 928 309 992 id
342 929 392 992 est
421 929 547 1011 praeter
576 926 708 992 modum
738 927 824 991 elata
854 926 994 1004 laetitia,
1024 927 1168 1011 opinione
1197 928 1374 1011 praesentis
1398 928 1507 1010 magni

279 1036 413 1101 alienius
430 1035 511 1112 boni,
535 1035 645 1112 altera,
669 1052 751 1115 qnae
775 1035 826 1098 est
847 1033 1059 1098 immoderata
1082 1034 1234 1118 appetitio
1258 1035 1379 1118 opinati
1397 1035 1507 1117 magni

278 1143 353 1207 boui
375 1142 490 1206 rationi
517 1160 580 1206 non
604 1141 844 1223 obtemperans,
873 1141 925 1205 vel
949 1140 1158 1224 cupiditas
1188 1143 1273 1207 reete
1296 1141 1348 1207 vel
1376 1140 1505 1207 libido

277 1249 341 1314 dioi
371 1250 484 1332 potest.
529 1249 613 1331 Ergo
643 1247 723 1312 haee
745 1247 808 1312 duo
838 1265 971 1330 genera,
1002 1248 1150 1330 voluptas
1173 1248 1314 1330 gestiens
1345 1250 1377 1313 et
1399 1248 1506 1327 libido,
1518 1271 1549 1313 ss

278 1357 432 1421 bonorum
456 1356 600 1439 opinione
624 1355 805 1431 turbantur,
834 1355 872 1418 ut
895 1353 958 1418 dno
981 1354 1113 1436 reliqna,
1145 1355 1252 1419 metus
1276 1356 1309 1420 et
1331 1355 1506 1438 aegritudo,

277 1463 445 1527 malornm.
489 1462 575 1526 Nam
610 1463 643 1526 et
677 1463 810 1526 metus
845 1460 948 1544 opinio
982 1462 1091 1544 magni
1120 1461 1197 1526 mali
1226 1461 1438 1545 impendentis
1473 1465 1506 1528 et

276 1569 495 1651 aegritudo
526 1570 576 1633 est
604 1568 707 1651 opinio
736 1567 846 1650 magni
872 1567 950 1632 mali
978 1568 1156 1651 praesentis
1184 1570 1216 1632 et
1244 1568 1373 1650 quidem
1396 1587 1505 1634 reeens

276 1677 382 1760 opinio
406 1676 480 1740 talis
503 1675 597 1752 mali,
628 1675 719 1739 utin
744 1693 780 1740 eo
803 1677 927 1740 reotnm
952 1674 1099 1740 videatur
1129 1694 1198 1741 esse
1222 1675 1311 1758 angi,
1341 1674 1374 1740 id
1397 1677 1506 1741 autem

277 1785 342 1861 est,
373 1785 411 1847 nt
440 1784 484 1859 is,
514 1783 569 1864 qui
600 1781 720 1859 doleat,
750 1784 895 1864 oportere
919 1782 1067 1866 opinetur
1096 1801 1129 1847 se
1154 1781 1268 1848 dolere.
1312 1782 1373 1848 His
1397 1785 1506 1848 autem

278 1889 582 1974 perturbationibus,
606 1906 686 1970 quas
710 1888 742 1951 in
766 1888 867 1952 vitam
889 1886 1055 1953 hominum
1080 1889 1219 1954 stultitia
1243 1891 1335 1972 quasi
1349 1890 1506 1973 quasdam

277 1997 378 2061 furias
405 1995 554 2060 immittit
584 1998 682 2077 atque
712 1995 840 2073 incitat,
870 1995 1017 2060 omnibns
1040 1996 1160 2061 viribus
1191 1998 1288 2078 atque
1316 1998 1428 2081 opibus
1457 2016 1507 2063 re·

276 2103 486 2188 pugnandum
510 2105 568 2180 est,
592 2103 620 2166 si
634 2103 783 2167 volumus
805 2102 875 2180 hoo,
899 2102 984 2184 quod
1008 2102 1120 2167 datum
1143 2104 1193 2167 est
1216 2103 1309 2181 vitae,
1332 2105 1505 2186 tranquille

276 2211 464 2297 plaoideqne
495 2210 671 2274 traducere.
723 2208 786 2274 Sed
814 2211 920 2274 oetera
951 2209 1046 2285 alias;
1081 2229 1167 2274 nuno
1195 2210 1444 2292 aegritudinem,
1479 2211 1506 2276 si

276 2337 458 2402 possumus,
482 2317 687 2401 depellamus.
718 2316 756 2380 Id
773 2316 917 2381 enimait
937 2303 1144 2400 propositum,
1161 2317 1419 2400 quandoquidem
1435 2337 1506 2383 eam

236 2492 238 2496 ,
277 2428 314 2490 tn
338 2425 437 2491 videri
467 2425 526 2491 tibi
552 2425 585 2488 in
609 2424 786 2507 sapientem
809 2424 922 2489 eadere
947 2423 1067 2501 dixisti,
1099 2424 1183 2506 qnod
1212 2443 1270 2507 ego
1300 2425 1389 2490 nullo
1411 2425 1505 2490 modo

276 2534 438 2607 existimo;
472 2533 578 2596 taetra
608 2532 692 2596 enim
723 2549 774 2595 res
809 2533 874 2607 est,
909 2531 1043 2609 misera,
1077 2531 1285 2609 detestabilis,
1315 2532 1401 2596 omni
1433 2551 1506 2597 oon-

276 2641 428 2717 tentione‚
451 2640 539 2716 velis,
563 2640 600 2702 nt
622 2639 669 2702 ita
693 2638 806 2716 dicam,
828 2638 989 2721 remisque
1012 2638 1171 2721 fugienda.
1217 2637 1329 2718 Qualis
1345 2640 1431 2705 enim
1446 2631 1557 2705 tibi12

276 2748 331 2812 ore
355 2747 498 2811 uretur:
1516 2716 1548 2761 ²⁶

275 2980 349 3052 ὁρμὴ
363 2980 549 3040 πλεονάζουσα
560 2976 705 3045 (appetitus
718 2976 895 3030 eminentior
908 2977 985 3030 Tuso.
995 2976 1043 3044 IV,
1054 2977 1105 3045 11).
1117 3008 1150 3016 -
1164 2975 1310 3046 biforibm]
1325 2976 1392 3031 Adv.
1404 2976 1504 3044 „zwis-

274 3066 369 3133 iaoh“,
395 3064 581 3134 urspriingliob
600 3066 670 3118 naoh
688 3065 755 3119 zwei
773 3064 863 3119 Seiten
883 3066 1007 3134 (οονλοιη)
1026 3065 1203 3134 gesproohen,
1228 3064 1279 3118 wie
1301 3064 1504 3133 multifariam,

274 3154 319 3209 die
338 3154 544 3223 Einteilnng
569 3152 604 3207 ist
621 3153 861 3222 grundlegend
886 3153 934 3206 fiir
950 3152 993 3206 die
1011 3153 1126 3207 meisten
1145 3153 1356 3222 Ausiiihrungen
1374 3154 1423 3207 der
1440 3155 1505 3208 Tus·

276 3242 526 3311 kulanen3s.1dint
541 3242 567 3297 S.
583 3243 644 3297 12f.
660 3274 694 3282 -
712 3242 845 3311 voluptas]
859 3240 1018 3295 Aristoteles
1032 3241 1159 3295 definiert
1171 3242 1249 3296 linet.
1264 3242 1300 3310 Π,
1315 3244 1347 3297 11
1363 3242 1406 3296 die
1420 3245 1506 3313 ἡδονή

276 3332 318 3387 als
335 3340 443 3403 κίνησίν
460 3354 522 3388 τινα
536 3343 582 3401 τῆς
597 3342 687 3403 ψυχῆς
700 3336 747 3386 καὶ
760 3335 934 3386 κατάστασιν
947 3333 1056 3404 ἀθρόαν
1073 3336 1119 3386 καλ
1139 3334 1275 3400 αἰσθητὴν
1292 3338 1331 3395 εἰς
1349 3335 1399 3401 τὴν
1419 3336 1505 3408 ὑπάρ-

272 3440 385 3494 χουσαν
403 3426 491 3494 φύσιν
509 3418 678 3489 (merbliohes
696 3418 852 3489 Vollgeiiibl
869 3419 918 3473 des
935 3419 1144 3489 Indiuiduums);
1169 3420 1212 3475 die
1231 3424 1370 3496 ἐπιθυμία
1394 3421 1433 3476 als
1456 3434 1506 3478 τοῦ

276 3512 356 3580 ἡδέος
370 3515 465 3583 ὄρεξιν.
489 3509 570 3564 Diese
583 3509 691 3563 werden
703 3508 732 3561 in
744 3508 787 3563 die
801 3514 898 3580 ἄλογοι
910 3508 1040 3580 (rotibnis
1053 3515 1181 3580 wpenes:
1198 3510 1317 3580 Hunger,
1331 3511 1415 3566 Durst
1427 3513 1505 3581 new.)

275 3600 331 3654 und
349 3600 377 3653 in
395 3598 439 3654 die
456 3603 527 3675 μετὰ
546 3603 632 3671 λόγου
648 3598 815 3668 geschieden.
836 3630 870 3639 -
888 3598 1007 3669 opinato]
1026 3599 1174 3668 passivisoh
1191 3599 1242 3654 wie
1261 3601 1339 3655 diter.

349 3702 390 3743 as.
410 3688 460 3742 Die
477 3688 700 3743 Personifibation
719 3705 771 3743 von
788 3688 908 3743 stubam
926 3688 987 3743 dari
1009 3704 1038 3743 so
1058 3688 1144 3759 wenig
1162 3688 1291 3743 auitallen
1316 3689 1367 3744 wie
1385 3690 1428 3744 die
1453 3707 1505 3745 von

274 3778 392 3841 invitm,
411 3778 488 3832 mata
497 3779 616 3846 fortune,
630 3778 715 3847 fabrio
729 3796 755 3833 n.
766 3795 788 3833 a
809 3809 842 3818 -
861 3778 926 3833 bace
935 3779 988 3832 duo
998 3818 1004 3832 .
1016 3818 1022 3831 .
1034 3817 1040 3830 .
1050 3777 1205 3848 turbaretur]
1226 3777 1290 3846 „bei
1304 3778 1395 3833 diesen
1411 3779 1505 3834 beiden

276 3868 395 3923 entsteht
412 3868 455 3922 die
474 3867 589 3938 Sibrung
606 3867 691 3923 dnroh
712 3871 785 3922 ...“.
805 3898 839 3907 —
864 3867 947 3936 quasi
964 3867 1108 3937 quasdem]
1133 3867 1189 3921 sur
1213 3866 1256 3921 die
1277 3866 1419 3936 Metapher
1441 3868 1504 3937 gilt:

275 3956 436 4027 „translatio
461 3957 542 4012 debet
565 3958 719 4011 verecunda
742 3972 813 4025 esse,
842 3958 873 4011 ut
894 3956 1009 4011 dedneta
1033 3972 1092 4011 esse
1119 3956 1148 4009 in
1175 3956 1291 4011 alienum
1319 3955 1423 4025 loonm,
1450 3973 1505 4011 non

274 4045 410 4117 irrupisse,
424 4048 504 4115 etque
517 4049 547 4100 ut
560 4046 680 4115 precario
694 4045 854 4117 (bittweise),
868 4062 924 4100 non
942 4046 970 4099 vi
983 4045 1089 4100 venisse
1102 4045 1261 4113 videatnr“;
1281 4047 1314 4099 de
1326 4062 1364 4099 or.
1378 4045 1504 4115 111,165;

274 4134 440 4203 „liihnere“
459 4134 552 4190 Bilder
569 4136 678 4190 werden
696 4135 781 4189 duroh
799 4134 888 4204 quasi
907 4134 992 4203 quasi
1008 4134 1122 4203 quidam
1139 4135 1194 4188 und
1213 4134 1311 4189 andere
1325 4134 1506 4205 Wendungen

273 4224 422 4294 gemildert.
443 4256 477 4264 -
501 4224 639 4294 immittit]
659 4224 744 4292 „lissi
760 4224 801 4278 los
819 4224 866 4278 aut
885 4226 955 4291 ...“,
974 4223 1075 4279 imitat
1093 4225 1210 4293 „spornt
1227 4226 1291 4277 an“.
1319 4254 1353 4263 —
1378 4224 1505 4279 omnibus

274 4313 380 4369 sirim
398 4319 478 4384 atqua
495 4313 602 4384 φίλοιο]
622 4313 695 4382 „mit
705 4313 821 4368 Hinden
839 4313 894 4367 und
908 4314 1042 4368 bissem&
1061 4345 1096 4354 -
1115 4313 1186 4383 quod
1263 4312 1345 4383 viae]
1365 4313 1505 4382 „Iohann-

274 4402 366 4457 nisit.
386 4433 420 4444 -
444 4404 524 4459 mani
540 4403 707 4457 eontentibne
726 4403 779 4472 ...]
798 4402 840 4457 Ad
857 4403 922 4457 fam.
941 4402 1012 4471 XII,
1031 4403 1080 4470 25,
1099 4404 1130 4459 8:
1150 4402 1236 4470 „inde
1254 4402 1357 4471 venus,
1376 4402 1458 4457 remis
1476 4403 1505 4456 in

274 4491 388 4560 patriam
405 4492 479 4547 omni
495 4492 668 4548 festinatione
686 4491 862 4561 properavi“;
881 4490 1001 4561 Plautus,
1011 4490 1135 4547 Asinaria
1146 4492 1210 4548 lbi:
1230 4491 1372 4562 „Remigio
1390 4490 1505 4561 veloque

274 4582 404 4650 quantum
422 4582 491 4652 potis
509 4598 539 4637 es
557 4582 700 4653 (metando
719 4580 781 4651 bist)
799 4581 900 4637 festina
918 4583 946 4636 et
963 4582 1059 4651 iuge‘t
