<?xml version="1.0" encoding="UTF-8"?>
<!DOCTYPE html PUBLIC "-//W3C//DTD XHTML 1.0 Transitional//EN"
    "http://www.w3.org/TR/xhtml1/DTD/xhtml1-transitional.dtd">
<html xmlns="http://www.w3.org/1999/xhtml" xml:lang="en" lang="en">
 <head>
  <title>
</title>
<meta http-equiv="Content-Type" content="text/html;charset=utf-8" />
  <meta name='ocr-system' content='tesseract 3.04.00' />
  <meta name='ocr-capabilities' content='ocr_page ocr_carea ocr_par ocr_line ocrx_word'/>
</head>
<body>
  <div class='ocr_page' id='page_1' title='image "./mtulliiciceroni71cicegoog/mtulliiciceroni71cicegoog_0056.png"; bbox 0 0 3642 5225; ppageno 0'>
   <div class='ocr_carea' id='block_1_1' title="bbox 308 473 1140 546">
    <p class='ocr_par' dir='ltr' id='par_1_1' title="bbox 308 473 1140 546">
     <span class='ocr_line' id='line_1_1' title="bbox 308 473 1140 546; baseline -0.006 -10"><span class='ocrx_word' id='word_1_1' title='bbox 308 473 345 536; x_wconf 72' lang='lat'>50</span> <span class='ocrx_word' id='word_1_2' title='bbox 705 477 915 532; x_wconf 74' lang='lat' dir='ltr'>Tusculanarum</span> <span class='ocrx_word' id='word_1_3' title='bbox 933 477 1140 546; x_wconf 76' lang='lat' dir='ltr'>disputationum</span> 
     </span>
    </p>
   </div>
   <div class='ocr_carea' id='block_1_2' title="bbox 265 639 1555 2332">
    <p class='ocr_par' dir='ltr' id='par_1_2' title="bbox 265 639 1555 2332">
     <span class='ocr_line' id='line_1_2' title="bbox 308 639 1555 726; baseline 0.004 -24"><span class='ocrx_word' id='word_1_4' title='bbox 308 639 372 704; x_wconf 81' lang='lat' dir='ltr'>Fac</span> <span class='ocrx_word' id='word_1_5' title='bbox 395 658 471 705; x_wconf 90' lang='lat' dir='ltr'>sane</span> <span class='ocrx_word' id='word_1_6' title='bbox 488 658 557 704; x_wconf 90' lang='lat' dir='ltr'>esse</span> <span class='ocrx_word' id='word_1_7' title='bbox 573 659 735 705; x_wconf 91' lang='lat' dir='ltr'>summum</span> <span class='ocrx_word' id='word_1_8' title='bbox 751 641 870 705; x_wconf 90' lang='lat' dir='ltr'>bonum</span> <span class='ocrx_word' id='word_1_9' title='bbox 886 659 950 704; x_wconf 93' lang='lat' dir='ltr'>non</span> <span class='ocrx_word' id='word_1_10' title='bbox 966 641 1070 705; x_wconf 89' lang='lat' dir='ltr'>dolere</span> <span class='ocrx_word' id='word_1_11' title='bbox 1094 641 1304 726; x_wconf 83' lang='lat' dir='ltr'>(quamquam</span> <span class='ocrx_word' id='word_1_12' title='bbox 1320 641 1353 706; x_wconf 95' lang='lat' dir='ltr'>id</span> <span class='ocrx_word' id='word_1_13' title='bbox 1368 660 1433 706; x_wconf 91' lang='lat' dir='ltr'>non</span> <span class='ocrx_word' id='word_1_14' title='bbox 1448 661 1555 707; x_wconf 85' lang='lat' dir='ltr'>voca-</span> 
     </span>
     <span class='ocr_line' id='line_1_3' title="bbox 309 746 1553 832; baseline 0.003 -22"><span class='ocrx_word' id='word_1_15' title='bbox 309 748 363 810; x_wconf 90' lang='lat' dir='ltr'>tur</span> <span class='ocrx_word' id='word_1_16' title='bbox 386 747 543 830; x_wconf 89' lang='lat' dir='ltr'>voluptas,</span> <span class='ocrx_word' id='word_1_17' title='bbox 566 746 709 811; x_wconf 89' lang='lat' dir='ltr'>sednon</span> <span class='ocrx_word' id='word_1_18' title='bbox 731 765 860 811; x_wconf 87' lang='lat' dir='ltr'>necesse</span> <span class='ocrx_word' id='word_1_19' title='bbox 884 749 935 811; x_wconf 85' lang='lat' dir='ltr'>est</span> <span class='ocrx_word' id='word_1_20' title='bbox 949 766 1036 812; x_wconf 92' lang='lat' dir='ltr'>nunc</span> <span class='ocrx_word' id='word_1_21' title='bbox 1051 748 1186 831; x_wconf 87' lang='lat' dir='ltr'>omnia);</span> <span class='ocrx_word' id='word_1_22' title='bbox 1210 748 1283 813; x_wconf 93' lang='lat' dir='ltr'>idne</span> <span class='ocrx_word' id='word_1_23' title='bbox 1307 750 1365 826; x_wconf 85' lang='lat' dir='ltr'>est,</span> <span class='ocrx_word' id='word_1_24' title='bbox 1389 767 1453 832; x_wconf 91' lang='lat' dir='ltr'>quo</span> <span class='ocrx_word' id='word_1_25' title='bbox 1476 752 1553 815; x_wconf 90' lang='lat' dir='ltr'>tra-</span> 
     </span>
     <span class='ocr_line' id='line_1_4' title="bbox 309 853 1550 932; baseline 0.003 -14"><span class='ocrx_word' id='word_1_26' title='bbox 309 853 398 918; x_wconf 90' lang='lat' dir='ltr'>ducti</span> <span class='ocrx_word' id='word_1_27' title='bbox 420 855 545 918; x_wconf 89' lang='lat' dir='ltr'>luctum</span> <span class='ocrx_word' id='word_1_28' title='bbox 567 853 733 918; x_wconf 78' lang='lat' dir='ltr'>levemus?</span> <span class='ocrx_word' id='word_1_29' title='bbox 781 853 830 918; x_wconf 87' lang='lat' dir='ltr'>Sit</span> <span class='ocrx_word' id='word_1_30' title='bbox 853 872 930 918; x_wconf 89' lang='lat' dir='ltr'>sane</span> <span class='ocrx_word' id='word_1_31' title='bbox 955 873 1119 919; x_wconf 91' lang='lat' dir='ltr'>summum</span> <span class='ocrx_word' id='word_1_32' title='bbox 1142 855 1265 920; x_wconf 93' lang='lat' dir='ltr'>malum</span> <span class='ocrx_word' id='word_1_33' title='bbox 1288 854 1410 932; x_wconf 87' lang='lat' dir='ltr'>dolere;</span> <span class='ocrx_word' id='word_1_34' title='bbox 1440 856 1477 920; x_wconf 93' lang='lat' dir='ltr'>in</span> <span class='ocrx_word' id='word_1_35' title='bbox 1507 875 1550 922; x_wconf 89' lang='lat' dir='ltr'>eo</span> 
     </span>
     <span class='ocr_line' id='line_1_5' title="bbox 308 960 1549 1043; baseline 0.003 -19"><span class='ocrx_word' id='word_1_36' title='bbox 308 960 408 1043; x_wconf 84' lang='lat' dir='ltr'>igitur</span> <span class='ocrx_word' id='word_1_37' title='bbox 431 961 486 1043; x_wconf 92' lang='lat' dir='ltr'>qui</span> <span class='ocrx_word' id='word_1_38' title='bbox 505 979 569 1025; x_wconf 91' lang='lat' dir='ltr'>non</span> <span class='ocrx_word' id='word_1_39' title='bbox 585 963 643 1038; x_wconf 91' lang='lat' dir='ltr'>est,</span> <span class='ocrx_word' id='word_1_40' title='bbox 666 961 694 1025; x_wconf 90' lang='lat' dir='ltr'>si</span> <span class='ocrx_word' id='word_1_41' title='bbox 710 961 794 1026; x_wconf 90' lang='lat' dir='ltr'>malo</span> <span class='ocrx_word' id='word_1_42' title='bbox 810 964 926 1039; x_wconf 91' lang='lat' dir='ltr'>careat,</span> <span class='ocrx_word' id='word_1_43' title='bbox 949 961 1141 1026; x_wconf 70' lang='lat' dir='ltr'>continuone</span> <span class='ocrx_word' id='word_1_44' title='bbox 1156 961 1275 1026; x_wconf 78' lang='lat' dir='ltr'>fruitur</span> <span class='ocrx_word' id='word_1_45' title='bbox 1291 964 1549 1028; x_wconf 80' lang='lat' dir='ltr'>summobono?</span> 
     </span>
     <span class='ocr_line' id='line_1_6' title="bbox 265 1066 1548 1154; baseline -0.002 -17"><span class='ocrx_word' id='word_1_46' title='bbox 265 1095 296 1137; x_wconf 79' lang='grc' dir='ltr'>ιι</span> <span class='ocrx_word' id='word_1_47' title='bbox 310 1066 393 1146; x_wconf 81' lang='lat' dir='ltr'>Quid</span> <span class='ocrx_word' id='word_1_48' title='bbox 417 1067 681 1150; x_wconf 80' lang='lat' dir='ltr'>tergiversamur,</span> <span class='ocrx_word' id='word_1_49' title='bbox 703 1068 855 1151; x_wconf 80' lang='lat' dir='ltr'>Epicure,</span> <span class='ocrx_word' id='word_1_50' title='bbox 878 1087 937 1134; x_wconf 85' lang='lat' dir='ltr'>nco</span> <span class='ocrx_word' id='word_1_51' title='bbox 960 1067 1101 1132; x_wconf 83' lang='lat' dir='ltr'>latemur</span> <span class='ocrx_word' id='word_1_52' title='bbox 1125 1087 1196 1134; x_wconf 89' lang='lat' dir='ltr'>eam</span> <span class='ocrx_word' id='word_1_53' title='bbox 1218 1089 1275 1133; x_wconf 87' lang='lat' dir='ltr'>nos</span> <span class='ocrx_word' id='word_1_54' title='bbox 1300 1069 1403 1135; x_wconf 88' lang='lat' dir='ltr'>dicere</span> <span class='ocrx_word' id='word_1_55' title='bbox 1426 1071 1548 1154; x_wconf 86' lang='lat' dir='ltr'>volup-</span> 
     </span>
     <span class='ocr_line' id='line_1_7' title="bbox 309 1175 1549 1258; baseline 0.003 -20"><span class='ocrx_word' id='word_1_56' title='bbox 309 1176 427 1252; x_wconf 90' lang='lat' dir='ltr'>tatem,</span> <span class='ocrx_word' id='word_1_57' title='bbox 458 1193 555 1257; x_wconf 89' lang='lat' dir='ltr'>quam</span> <span class='ocrx_word' id='word_1_58' title='bbox 584 1176 621 1239; x_wconf 89' lang='lat' dir='ltr'>tu</span> <span class='ocrx_word' id='word_1_59' title='bbox 643 1175 745 1253; x_wconf 87' lang='lat' dir='ltr'>idem,</span> <span class='ocrx_word' id='word_1_60' title='bbox 775 1194 849 1239; x_wconf 91' lang='lat' dir='ltr'>cum</span> <span class='ocrx_word' id='word_1_61' title='bbox 872 1194 907 1239; x_wconf 89' lang='lat' dir='ltr'>os</span> <span class='ocrx_word' id='word_1_62' title='bbox 930 1175 1139 1258; x_wconf 86' lang='lat' dir='ltr'>perfricuisti,</span> <span class='ocrx_word' id='word_1_63' title='bbox 1173 1177 1256 1240; x_wconf 89' lang='lat' dir='ltr'>soles</span> <span class='ocrx_word' id='word_1_64' title='bbox 1279 1176 1406 1242; x_wconf 82' lang='lat' dir='ltr'>dicere?</span> <span class='ocrx_word' id='word_1_65' title='bbox 1454 1175 1549 1242; x_wconf 86' lang='lat' dir='ltr'>Sunt</span> 
     </span>
     <span class='ocr_line' id='line_1_8' title="bbox 307 1281 1547 1364; baseline 0.004 -19"><span class='ocrx_word' id='word_1_66' title='bbox 307 1281 388 1346; x_wconf 91' lang='lat' dir='ltr'>haec</span> <span class='ocrx_word' id='word_1_67' title='bbox 409 1284 467 1346; x_wconf 85' lang='lat' dir='ltr'>tua</span> <span class='ocrx_word' id='word_1_68' title='bbox 489 1283 586 1347; x_wconf 86' lang='lat' dir='ltr'>verba</span> <span class='ocrx_word' id='word_1_69' title='bbox 608 1285 729 1347; x_wconf 85' lang='lat' dir='ltr'>necne?</span> <span class='ocrx_word' id='word_1_70' title='bbox 774 1282 813 1347; x_wconf 93' lang='lat' dir='ltr'>In</span> <span class='ocrx_word' id='word_1_71' title='bbox 837 1301 873 1347; x_wconf 89' lang='lat' dir='ltr'>eo</span> <span class='ocrx_word' id='word_1_72' title='bbox 897 1282 1027 1364; x_wconf 92' lang='lat' dir='ltr'>quidem</span> <span class='ocrx_word' id='word_1_73' title='bbox 1050 1283 1144 1359; x_wconf 89' lang='lat' dir='ltr'>libro,</span> <span class='ocrx_word' id='word_1_74' title='bbox 1168 1283 1223 1364; x_wconf 91' lang='lat' dir='ltr'>qui</span> <span class='ocrx_word' id='word_1_75' title='bbox 1246 1284 1387 1348; x_wconf 86' lang='lat' dir='ltr'>continet</span> <span class='ocrx_word' id='word_1_76' title='bbox 1410 1302 1547 1350; x_wconf 90' lang='lat' dir='ltr'>omnem</span> 
     </span>
     <span class='ocr_line' id='line_1_9' title="bbox 309 1388 1545 1474; baseline 0.003 -21"><span class='ocrx_word' id='word_1_77' title='bbox 309 1388 509 1472; x_wconf 83' lang='lat' dir='ltr'>disciplinam</span> <span class='ocrx_word' id='word_1_78' title='bbox 531 1392 637 1468; x_wconf 90' lang='lat' dir='ltr'>tuam,</span> <span class='ocrx_word' id='word_1_79' title='bbox 668 1389 797 1472; x_wconf 85' lang='lat' dir='ltr'>(fungar</span> <span class='ocrx_word' id='word_1_80' title='bbox 819 1390 904 1454; x_wconf 91' lang='lat' dir='ltr'>enim</span> <span class='ocrx_word' id='word_1_81' title='bbox 926 1390 992 1454; x_wconf 91' lang='lat' dir='ltr'>iam</span> <span class='ocrx_word' id='word_1_82' title='bbox 1016 1389 1200 1473; x_wconf 79' lang='lat' dir='ltr'>interpretis</span> <span class='ocrx_word' id='word_1_83' title='bbox 1222 1409 1372 1468; x_wconf 90' lang='lat' dir='ltr'>munere,</span> <span class='ocrx_word' id='word_1_84' title='bbox 1400 1410 1440 1456; x_wconf 89' lang='lat' dir='ltr'>ne</span> <span class='ocrx_word' id='word_1_85' title='bbox 1465 1393 1545 1474; x_wconf 88' lang='lat' dir='ltr'>quis</span> 
     </span>
     <span class='ocr_line' id='line_1_10' title="bbox 307 1496 1545 1581; baseline 0.002 -21"><span class='ocrx_word' id='word_1_86' title='bbox 307 1515 359 1561; x_wconf 92' lang='lat' dir='ltr'>me</span> <span class='ocrx_word' id='word_1_87' title='bbox 387 1499 480 1580; x_wconf 91' lang='lat' dir='ltr'>putet</span> <span class='ocrx_word' id='word_1_88' title='bbox 508 1496 640 1580; x_wconf 83' lang='lat' dir='ltr'>fingere)</span> <span class='ocrx_word' id='word_1_89' title='bbox 670 1496 748 1561; x_wconf 91' lang='lat' dir='ltr'>diois</span> <span class='ocrx_word' id='word_1_90' title='bbox 777 1496 872 1560; x_wconf 89' lang='lat' dir='ltr'>haee:</span> <span class='ocrx_word' id='word_1_91' title='bbox 903 1496 1009 1574; x_wconf 91' lang='lat' dir='ltr'>„Neo</span> <span class='ocrx_word' id='word_1_92' title='bbox 1039 1496 1223 1578; x_wconf 91' lang='lat' dir='ltr'>equidem</span> <span class='ocrx_word' id='word_1_93' title='bbox 1256 1497 1398 1576; x_wconf 88' lang='lat' dir='ltr'>habeo,</span> <span class='ocrx_word' id='word_1_94' title='bbox 1434 1499 1545 1581; x_wconf 90' lang='lat' dir='ltr'>quod</span> 
     </span>
     <span class='ocr_line' id='line_1_11' title="bbox 307 1603 1545 1690; baseline 0.003 -23"><span class='ocrx_word' id='word_1_95' title='bbox 307 1604 551 1686; x_wconf 81' lang='lat' dir='ltr'>intellegam</span> <span class='ocrx_word' id='word_1_96' title='bbox 584 1604 732 1668; x_wconf 89' lang='lat' dir='ltr'>bonum</span> <span class='ocrx_word' id='word_1_97' title='bbox 765 1603 886 1680; x_wconf 91' lang='lat' dir='ltr'>illud,</span> <span class='ocrx_word' id='word_1_98' title='bbox 920 1603 1143 1669; x_wconf 89' lang='lat' dir='ltr'>detrahens</span> <span class='ocrx_word' id='word_1_99' title='bbox 1178 1623 1244 1668; x_wconf 90' lang='lat' dir='ltr'>eas</span> <span class='ocrx_word' id='word_1_100' title='bbox 1279 1606 1545 1690; x_wconf 85' lang='lat' dir='ltr'>voluptates,</span> 
     </span>
     <span class='ocr_line' id='line_1_12' title="bbox 308 1710 1543 1794; baseline 0.003 -20"><span class='ocrx_word' id='word_1_101' title='bbox 308 1729 410 1793; x_wconf 88' lang='lat' dir='ltr'>quae</span> <span class='ocrx_word' id='word_1_102' title='bbox 433 1729 578 1794; x_wconf 87' lang='lat' dir='ltr'>sapore</span> <span class='ocrx_word' id='word_1_103' title='bbox 602 1711 906 1794; x_wconf 89' lang='lat' dir='ltr'>percipiuntur,</span> <span class='ocrx_word' id='word_1_104' title='bbox 930 1710 1155 1775; x_wconf 90' lang='lat' dir='ltr'>detrahens</span> <span class='ocrx_word' id='word_1_105' title='bbox 1172 1730 1253 1790; x_wconf 88' lang='lat' dir='ltr'>eas,</span> <span class='ocrx_word' id='word_1_106' title='bbox 1277 1730 1377 1794; x_wconf 90' lang='lat' dir='ltr'>quae</span> <span class='ocrx_word' id='word_1_107' title='bbox 1401 1713 1543 1778; x_wconf 90' lang='lat' dir='ltr'>auditu</span> 
     </span>
     <span class='ocr_line' id='line_1_13' title="bbox 307 1817 1542 1904; baseline 0.002 -22"><span class='ocrx_word' id='word_1_108' title='bbox 307 1821 347 1882; x_wconf 92' lang='lat' dir='ltr'>et</span> <span class='ocrx_word' id='word_1_109' title='bbox 370 1818 576 1895; x_wconf 88' lang='lat' dir='ltr'>cantibus,</span> <span class='ocrx_word' id='word_1_110' title='bbox 599 1817 825 1882; x_wconf 89' lang='lat' dir='ltr'>detrahens</span> <span class='ocrx_word' id='word_1_111' title='bbox 850 1836 916 1882; x_wconf 89' lang='lat' dir='ltr'>eas</span> <span class='ocrx_word' id='word_1_112' title='bbox 941 1818 1084 1895; x_wconf 86' lang='lat' dir='ltr'>etiam,</span> <span class='ocrx_word' id='word_1_113' title='bbox 1108 1837 1203 1900; x_wconf 89' lang='lat' dir='ltr'>quae</span> <span class='ocrx_word' id='word_1_114' title='bbox 1227 1837 1270 1882; x_wconf 85' lang='lat' dir='ltr'>ex</span> <span class='ocrx_word' id='word_1_115' title='bbox 1291 1818 1427 1884; x_wconf 88' lang='lat' dir='ltr'>formis</span> <span class='ocrx_word' id='word_1_116' title='bbox 1450 1838 1542 1904; x_wconf 88' lang='lat' dir='ltr'>per-</span> 
     </span>
     <span class='ocr_line' id='line_1_14' title="bbox 307 1924 1543 2008; baseline 0.002 -18"><span class='ocrx_word' id='word_1_117' title='bbox 307 1924 524 2008; x_wconf 92' lang='lat' dir='ltr'>cipiuntur</span> <span class='ocrx_word' id='word_1_118' title='bbox 559 1924 705 2002; x_wconf 90' lang='lat' dir='ltr'>oculis,</span> <span class='ocrx_word' id='word_1_119' title='bbox 740 1943 885 1989; x_wconf 83' lang='lat' dir='ltr'>suaves</span> <span class='ocrx_word' id='word_1_120' title='bbox 916 1925 1138 2002; x_wconf 90' lang='lat' dir='ltr'>motiones,</span> <span class='ocrx_word' id='word_1_121' title='bbox 1173 1925 1259 1990; x_wconf 85' lang='lat' dir='ltr'>sive</span> <span class='ocrx_word' id='word_1_122' title='bbox 1290 1944 1390 2008; x_wconf 87' lang='lat' dir='ltr'>quae</span> <span class='ocrx_word' id='word_1_123' title='bbox 1426 1927 1543 1993; x_wconf 86' lang='lat' dir='ltr'>aliae</span> 
     </span>
     <span class='ocr_line' id='line_1_15' title="bbox 269 2031 1543 2115; baseline 0.002 -19"><span class='ocrx_word' id='word_1_124' title='bbox 269 2108 272 2115; x_wconf 16' lang='grc' dir='ltr'><strong><em>ν</em></strong></span> <span class='ocrx_word' id='word_1_125' title='bbox 306 2032 548 2115; x_wconf 85' lang='lat' dir='ltr'>voluptates</span> <span class='ocrx_word' id='word_1_126' title='bbox 570 2031 610 2095; x_wconf 93' lang='lat' dir='ltr'>in</span> <span class='ocrx_word' id='word_1_127' title='bbox 633 2033 720 2096; x_wconf 89' lang='lat' dir='ltr'>toto</span> <span class='ocrx_word' id='word_1_128' title='bbox 743 2031 901 2096; x_wconf 88' lang='lat' dir='ltr'>homine</span> <span class='ocrx_word' id='word_1_129' title='bbox 926 2032 1157 2113; x_wconf 85' lang='lat' dir='ltr'>gignuntur</span> <span class='ocrx_word' id='word_1_130' title='bbox 1181 2032 1371 2115; x_wconf 90' lang='lat' dir='ltr'>quolibet</span> <span class='ocrx_word' id='word_1_131' title='bbox 1393 2052 1543 2111; x_wconf 85' lang='lat' dir='ltr'>sensu;</span> 
     </span>
     <span class='ocr_line' id='line_1_16' title="bbox 305 2138 1541 2222; baseline 0.003 -19"><span class='ocrx_word' id='word_1_132' title='bbox 305 2157 494 2203; x_wconf 79' lang='lat' dir='ltr'>necuere</span> <span class='ocrx_word' id='word_1_133' title='bbox 518 2138 577 2202; x_wconf 93' lang='lat' dir='ltr'>ita</span> <span class='ocrx_word' id='word_1_134' title='bbox 600 2138 681 2203; x_wconf 89' lang='lat' dir='ltr'>dici</span> <span class='ocrx_word' id='word_1_135' title='bbox 704 2139 859 2222; x_wconf 88' lang='lat' dir='ltr'>potest,</span> <span class='ocrx_word' id='word_1_136' title='bbox 882 2139 1031 2203; x_wconf 91' lang='lat' dir='ltr'>mentis</span> <span class='ocrx_word' id='word_1_137' title='bbox 1055 2139 1269 2203; x_wconf 81' lang='lat' dir='ltr'>laetitiam</span> <span class='ocrx_word' id='word_1_138' title='bbox 1292 2141 1422 2205; x_wconf 91' lang='lat' dir='ltr'>solam</span> <span class='ocrx_word' id='word_1_139' title='bbox 1445 2159 1541 2208; x_wconf 88' lang='lat' dir='ltr'>esse</span> 
     </span>
     <span class='ocr_line' id='line_1_17' title="bbox 304 2245 1543 2332; baseline 0.005 -24"><span class='ocrx_word' id='word_1_140' title='bbox 304 2247 345 2309; x_wconf 92' lang='lat' dir='ltr'>in</span> <span class='ocrx_word' id='word_1_141' title='bbox 381 2246 507 2310; x_wconf 90' lang='lat' dir='ltr'>bonis.</span> <span class='ocrx_word' id='word_1_142' title='bbox 567 2245 805 2309; x_wconf 87' lang='lat' dir='ltr'>Lactantem</span> <span class='ocrx_word' id='word_1_143' title='bbox 849 2245 954 2309; x_wconf 92' lang='lat' dir='ltr'>enim</span> <span class='ocrx_word' id='word_1_144' title='bbox 992 2248 1165 2310; x_wconf 89' lang='lat' dir='ltr'>mentem</span> <span class='ocrx_word' id='word_1_145' title='bbox 1203 2246 1262 2310; x_wconf 88' lang='lat' dir='ltr'>ita</span> <span class='ocrx_word' id='word_1_146' title='bbox 1306 2247 1417 2312; x_wconf 90' lang='lat' dir='ltr'>novi:</span> <span class='ocrx_word' id='word_1_147' title='bbox 1464 2266 1543 2332; x_wconf 88' lang='lat' dir='ltr'>spe</span> 
     </span>
    </p>
   </div>
   <div class='ocr_carea' id='block_1_3' title="bbox 298 2455 1544 4587">
    <p class='ocr_par' dir='ltr' id='par_1_3' title="bbox 302 2455 1544 3139">
     <span class='ocr_line' id='line_1_18' title="bbox 304 2455 1544 2528; baseline 0.001 -15"><span class='ocrx_word' id='word_1_148' title='bbox 304 2486 340 2505; x_wconf 91' lang='lat'>=</span> <span class='ocrx_word' id='word_1_149' title='bbox 359 2457 614 2528; x_wconf 82' lang='lat' dir='ltr'>„Epikureismus“.</span> <span class='ocrx_word' id='word_1_150' title='bbox 640 2487 674 2496; x_wconf 95' lang='lat'>-</span> <span class='ocrx_word' id='word_1_151' title='bbox 697 2456 753 2524; x_wconf 79' lang='lat' dir='ltr'>sec]</span> <span class='ocrx_word' id='word_1_152' title='bbox 773 2457 853 2524; x_wconf 88' lang='lat' dir='ltr'>„setz</span> <span class='ocrx_word' id='word_1_153' title='bbox 872 2456 923 2510; x_wconf 85' lang='lat' dir='ltr'>den</span> <span class='ocrx_word' id='word_1_154' title='bbox 943 2455 1012 2522; x_wconf 81' lang='lat' dir='ltr'>Fall,</span> <span class='ocrx_word' id='word_1_155' title='bbox 1032 2456 1116 2509; x_wconf 89' lang='lat' dir='ltr'>nimm</span> <span class='ocrx_word' id='word_1_156' title='bbox 1135 2459 1201 2511; x_wconf 81' lang='lat' dir='ltr'>an“.</span> <span class='ocrx_word' id='word_1_157' title='bbox 1228 2488 1262 2497; x_wconf 90' lang='lat'><em>-</em></span> <span class='ocrx_word' id='word_1_158' title='bbox 1287 2475 1344 2512; x_wconf 79' lang='lat' dir='ltr'>non</span> <span class='ocrx_word' id='word_1_159' title='bbox 1360 2458 1455 2528; x_wconf 75' lang='lat' dir='ltr'>dolere]</span> <span class='ocrx_word' id='word_1_160' title='bbox 1478 2459 1544 2514; x_wconf 87' lang='lat' dir='ltr'>Der</span> 
     </span>
     <span class='ocr_line' id='line_1_19' title="bbox 304 2545 1541 2619; baseline -0.002 -16"><span class='ocrx_word' id='word_1_161' title='bbox 304 2548 498 2619; x_wconf 86' lang='lat' dir='ltr'>Peripatetilrer</span> <span class='ocrx_word' id='word_1_162' title='bbox 517 2547 696 2614; x_wconf 84' lang='lat' dir='ltr'>Hieronymus</span> <span class='ocrx_word' id='word_1_163' title='bbox 714 2561 767 2599; x_wconf 80' lang='lat' dir='ltr'>von</span> <span class='ocrx_word' id='word_1_164' title='bbox 781 2545 891 2599; x_wconf 83' lang='lat' dir='ltr'>erodus</span> <span class='ocrx_word' id='word_1_165' title='bbox 908 2545 966 2599; x_wconf 79' lang='lat' dir='ltr'>halt</span> <span class='ocrx_word' id='word_1_166' title='bbox 983 2545 1025 2599; x_wconf 88' lang='lat' dir='ltr'>die</span> <span class='ocrx_word' id='word_1_167' title='bbox 1044 2545 1195 2600; x_wconf 74' lang='grc' dir='ltr'><strong><em>ιἰιάοἰιιιιάι</em></strong></span> <span class='ocrx_word' id='word_1_168' title='bbox 1213 2547 1260 2599; x_wconf 79' lang='lat' dir='ltr'>fiir</span> <span class='ocrx_word' id='word_1_169' title='bbox 1277 2548 1324 2601; x_wconf 89' lang='lat' dir='ltr'>das</span> <span class='ocrx_word' id='word_1_170' title='bbox 1342 2547 1452 2601; x_wconf 76' lang='lat' dir='ltr'>hochste</span> <span class='ocrx_word' id='word_1_171' title='bbox 1467 2547 1541 2618; x_wconf 67' lang='lat' dir='ltr'>sut,</span> 
     </span>
     <span class='ocr_line' id='line_1_20' title="bbox 304 2636 1542 2706; baseline -0.001 -13"><span class='ocrx_word' id='word_1_172' title='bbox 304 2639 402 2693; x_wconf 87' lang='lat' dir='ltr'>andere</span> <span class='ocrx_word' id='word_1_173' title='bbox 425 2638 454 2691; x_wconf 91' lang='lat' dir='ltr'>in</span> <span class='ocrx_word' id='word_1_174' title='bbox 473 2637 647 2706; x_wconf 87' lang='lat' dir='ltr'>Verbindung</span> <span class='ocrx_word' id='word_1_175' title='bbox 671 2637 721 2690; x_wconf 87' lang='lat' dir='ltr'>mit</span> <span class='ocrx_word' id='word_1_176' title='bbox 744 2638 793 2690; x_wconf 86' lang='lat' dir='ltr'>der</span> <span class='ocrx_word' id='word_1_177' title='bbox 809 2637 943 2705; x_wconf 79' lang='lat' dir='ltr'>voluptas,</span> <span class='ocrx_word' id='word_1_178' title='bbox 972 2636 1070 2689; x_wconf 89' lang='lat' dir='ltr'>andere</span> <span class='ocrx_word' id='word_1_179' title='bbox 1098 2637 1147 2689; x_wconf 91' lang='lat' dir='ltr'>mit</span> <span class='ocrx_word' id='word_1_180' title='bbox 1170 2637 1219 2691; x_wconf 88' lang='lat' dir='ltr'>der</span> <span class='ocrx_word' id='word_1_181' title='bbox 1235 2637 1368 2691; x_wconf 76' lang='lat' dir='ltr'>honestus.</span> <span class='ocrx_word' id='word_1_182' title='bbox 1397 2668 1430 2677; x_wconf 90' lang='lat'><em>-</em></span> <span class='ocrx_word' id='word_1_183' title='bbox 1457 2654 1542 2692; x_wconf 83' lang='grc' dir='ltr'><strong><em>ιιαιια</em></strong></span> 
     </span>
     <span class='ocr_line' id='line_1_21' title="bbox 302 2725 1542 2798; baseline 0 -16"><span class='ocrx_word' id='word_1_184' title='bbox 302 2728 408 2798; x_wconf 67' lang='lat' dir='ltr'>mnam]</span> <span class='ocrx_word' id='word_1_185' title='bbox 427 2726 535 2795; x_wconf 77' lang='lat' dir='ltr'>lillipse.</span> <span class='ocrx_word' id='word_1_186' title='bbox 572 2726 622 2780; x_wconf 88' lang='lat' dir='ltr'>Dio</span> <span class='ocrx_word' id='word_1_187' title='bbox 641 2726 817 2795; x_wconf 83' lang='lat' dir='ltr'>allgemoinon</span> <span class='ocrx_word' id='word_1_188' title='bbox 835 2725 926 2779; x_wconf 86' lang='lat' dir='ltr'>Verba</span> <span class='ocrx_word' id='word_1_189' title='bbox 943 2725 990 2779; x_wconf 88' lang='lat' dir='ltr'>des</span> <span class='ocrx_word' id='word_1_190' title='bbox 1008 2725 1109 2794; x_wconf 83' lang='lat' dir='ltr'>Sagens</span> <span class='ocrx_word' id='word_1_191' title='bbox 1132 2726 1207 2793; x_wconf 81' lang='lat' dir='ltr'>(leaeo</span> <span class='ocrx_word' id='word_1_192' title='bbox 1224 2726 1363 2795; x_wconf 77' lang='grc' dir='ltr'><strong><em>Ιιααιιιιια)</em></strong></span> <span class='ocrx_word' id='word_1_193' title='bbox 1387 2726 1442 2780; x_wconf 91' lang='lat' dir='ltr'>und</span> <span class='ocrx_word' id='word_1_194' title='bbox 1461 2727 1542 2783; x_wconf 73' lang='lat' dir='ltr'>lune</span> 
     </span>
     <span class='ocr_line' id='line_1_22' title="bbox 302 2814 1541 2887; baseline 0.001 -17"><span class='ocrx_word' id='word_1_195' title='bbox 302 2817 386 2887; x_wconf 82' lang='lat' dir='ltr'>(illud</span> <span class='ocrx_word' id='word_1_196' title='bbox 402 2816 487 2883; x_wconf 75' lang='lat' dir='ltr'>olaus,</span> <span class='ocrx_word' id='word_1_197' title='bbox 508 2817 611 2885; x_wconf 84' lang='lat' dir='ltr'>posteo)</span> <span class='ocrx_word' id='word_1_198' title='bbox 630 2816 739 2869; x_wconf 86' lang='lat' dir='ltr'>werden</span> <span class='ocrx_word' id='word_1_199' title='bbox 757 2816 797 2869; x_wconf 83' lang='lat' dir='ltr'>oft</span> <span class='ocrx_word' id='word_1_200' title='bbox 815 2814 999 2884; x_wconf 87' lang='lat' dir='ltr'>ausgelassen,</span> <span class='ocrx_word' id='word_1_201' title='bbox 1024 2814 1085 2868; x_wconf 89' lang='lat' dir='ltr'>hier</span> <span class='ocrx_word' id='word_1_202' title='bbox 1107 2818 1177 2869; x_wconf 88' lang='lat' dir='ltr'>otwa</span> <span class='ocrx_word' id='word_1_203' title='bbox 1195 2832 1229 2869; x_wconf 89' lang='lat' dir='ltr'>zu</span> <span class='ocrx_word' id='word_1_204' title='bbox 1248 2821 1381 2885; x_wconf 76' lang='lat' dir='ltr'>ergtinzen</span> <span class='ocrx_word' id='word_1_205' title='bbox 1397 2816 1541 2886; x_wconf 70' lang='lat' dir='ltr'>explecare</span> 
     </span>
     <span class='ocr_line' id='line_1_23' title="bbox 303 2904 1539 2974; baseline 0.002 -15"><span class='ocrx_word' id='word_1_206' title='bbox 303 2905 368 2960; x_wconf 90' lang='lat' dir='ltr'>oder</span> <span class='ocrx_word' id='word_1_207' title='bbox 387 2905 521 2974; x_wconf 79' lang='lat' dir='ltr'>persequi.</span> <span class='ocrx_word' id='word_1_208' title='bbox 541 2936 575 2944; x_wconf 95' lang='lat'><strong>—</strong></span> <span class='ocrx_word' id='word_1_209' title='bbox 600 2922 651 2973; x_wconf 81' lang='lat' dir='ltr'>quo</span> <span class='ocrx_word' id='word_1_210' title='bbox 675 2904 796 2958; x_wconf 76' lang='lat' dir='ltr'>traducti</span> <span class='ocrx_word' id='word_1_211' title='bbox 884 2904 1009 2973; x_wconf 68' lang='grc' dir='ltr'><strong><em>ἱιαιαιαι]</em></strong></span> <span class='ocrx_word' id='word_1_212' title='bbox 1036 2904 1147 2970; x_wconf 89' lang='lat' dir='ltr'>„wohin</span> <span class='ocrx_word' id='word_1_213' title='bbox 1172 2904 1222 2958; x_wconf 86' lang='lat' dir='ltr'>wir</span> <span class='ocrx_word' id='word_1_214' title='bbox 1245 2921 1296 2959; x_wconf 88' lang='lat' dir='ltr'>uns</span> <span class='ocrx_word' id='word_1_215' title='bbox 1320 2904 1419 2959; x_wconf 83' lang='lat' dir='ltr'>fiihren</span> <span class='ocrx_word' id='word_1_216' title='bbox 1442 2905 1539 2961; x_wconf 88' lang='lat' dir='ltr'>lassen</span> 
     </span>
     <span class='ocr_line' id='line_1_24' title="bbox 302 2982 1539 3063; baseline 0 -14"><span class='ocrx_word' id='word_1_217' title='bbox 302 2982 425 3063; x_wconf 76' lang='lat' dir='ltr'>missen,</span> <span class='ocrx_word' id='word_1_218' title='bbox 443 3011 490 3047; x_wconf 93' lang='lat' dir='ltr'>um</span> <span class='ocrx_word' id='word_1_219' title='bbox 570 3011 604 3047; x_wconf 86' lang='lat' dir='ltr'>zu</span> <span class='ocrx_word' id='word_1_220' title='bbox 621 2993 757 3047; x_wconf 79' lang='lat' dir='ltr'>lindem“‚</span> <span class='ocrx_word' id='word_1_221' title='bbox 783 3025 817 3033; x_wconf 90' lang='lat'>-</span> <span class='ocrx_word' id='word_1_222' title='bbox 843 2992 982 3062; x_wconf 72' lang='grc' dir='ltr'><strong><em>ιααιιιιαο]</em></strong></span> <span class='ocrx_word' id='word_1_223' title='bbox 1007 2992 1101 3063; x_wconf 74' lang='lat' dir='ltr'>haufig</span> <span class='ocrx_word' id='word_1_224' title='bbox 1118 2993 1169 3047; x_wconf 87' lang='lat' dir='ltr'>wie</span> <span class='ocrx_word' id='word_1_225' title='bbox 1187 2994 1224 3046; x_wconf 91' lang='lat' dir='ltr'>im</span> <span class='ocrx_word' id='word_1_226' title='bbox 1242 2993 1398 3049; x_wconf 87' lang='lat' dir='ltr'>Deutschen</span> <span class='ocrx_word' id='word_1_227' title='bbox 1417 2994 1539 3063; x_wconf 56' lang='lat' dir='ltr'>„soluit</span> 
     </span>
     <span class='ocr_line' id='line_1_25' title="bbox 303 3084 545 3139; baseline 0 -2"><span class='ocrx_word' id='word_1_228' title='bbox 303 3084 372 3139; x_wconf 89' lang='lat' dir='ltr'>ohne</span> <span class='ocrx_word' id='word_1_229' title='bbox 391 3084 545 3138; x_wconf 82' lang='lat' dir='ltr'>weiteres“.</span> 
     </span>
    </p>

    <p class='ocr_par' dir='ltr' id='par_1_4' title="bbox 298 3170 1539 4587">
     <span class='ocr_line' id='line_1_26' title="bbox 374 3170 1538 3243; baseline -0.001 -15"><span class='ocrx_word' id='word_1_230' title='bbox 374 3173 623 3243; x_wconf 77' lang='lat' dir='ltr'>⁴1.terpiversari]</span> <span class='ocrx_word' id='word_1_231' title='bbox 648 3173 724 3241; x_wconf 87' lang='lat' dir='ltr'>„den</span> <span class='ocrx_word' id='word_1_232' title='bbox 742 3172 853 3226; x_wconf 83' lang='lat' dir='ltr'>Riiolren</span> <span class='ocrx_word' id='word_1_233' title='bbox 871 3172 998 3238; x_wconf 86' lang='lat' dir='ltr'>wenden,</span> <span class='ocrx_word' id='word_1_234' title='bbox 1022 3170 1184 3226; x_wconf 88' lang='lat' dir='ltr'>Ausfliichte</span> <span class='ocrx_word' id='word_1_235' title='bbox 1208 3173 1410 3242; x_wconf 82' lang='lat' dir='ltr'>gebrauchen“.</span> <span class='ocrx_word' id='word_1_236' title='bbox 1439 3204 1473 3212; x_wconf 94' lang='lat'>—</span> <span class='ocrx_word' id='word_1_237' title='bbox 1502 3190 1538 3227; x_wconf 79' lang='lat' dir='ltr'>os</span> 
     </span>
     <span class='ocr_line' id='line_1_27' title="bbox 298 3261 1536 3333; baseline 0 -16"><span class='ocrx_word' id='word_1_238' title='bbox 298 3262 487 3333; x_wconf 62' lang='lat' dir='ltr'>perfricuisti]</span> <span class='ocrx_word' id='word_1_239' title='bbox 507 3279 608 3330; x_wconf 89' lang='lat' dir='ltr'>„wenn</span> <span class='ocrx_word' id='word_1_240' title='bbox 625 3263 662 3315; x_wconf 91' lang='lat' dir='ltr'>du</span> <span class='ocrx_word' id='word_1_241' title='bbox 679 3263 726 3316; x_wconf 90' lang='lat' dir='ltr'>das</span> <span class='ocrx_word' id='word_1_242' title='bbox 745 3261 855 3315; x_wconf 79' lang='lat' dir='ltr'>(lesioht</span> <span class='ocrx_word' id='word_1_243' title='bbox 872 3261 998 3330; x_wconf 87' lang='lat' dir='ltr'>gerioben</span> <span class='ocrx_word' id='word_1_244' title='bbox 1021 3262 1076 3314; x_wconf 93' lang='lat' dir='ltr'>und</span> <span class='ocrx_word' id='word_1_245' title='bbox 1095 3277 1124 3315; x_wconf 90' lang='lat' dir='ltr'>so</span> <span class='ocrx_word' id='word_1_246' title='bbox 1142 3262 1185 3315; x_wconf 88' lang='lat' dir='ltr'>die</span> <span class='ocrx_word' id='word_1_247' title='bbox 1204 3261 1360 3317; x_wconf 80' lang='lat' dir='ltr'>Schamrdte</span> <span class='ocrx_word' id='word_1_248' title='bbox 1378 3261 1536 3317; x_wconf 82' lang='lat' dir='ltr'>vertrieben</span> 
     </span>
     <span class='ocr_line' id='line_1_28' title="bbox 301 3350 1536 3421; baseline -0.002 -14"><span class='ocrx_word' id='word_1_249' title='bbox 301 3353 397 3420; x_wconf 83' lang='lat' dir='ltr'>hast“;</span> <span class='ocrx_word' id='word_1_250' title='bbox 416 3368 469 3405; x_wconf 87' lang='lat' dir='ltr'>von</span> <span class='ocrx_word' id='word_1_251' title='bbox 483 3352 629 3418; x_wconf 77' lang='lat' dir='ltr'>Quintilian</span> <span class='ocrx_word' id='word_1_252' title='bbox 643 3351 781 3421; x_wconf 82' lang='lat' dir='ltr'>(Erzieher</span> <span class='ocrx_word' id='word_1_253' title='bbox 794 3350 837 3405; x_wconf 87' lang='lat' dir='ltr'>bei</span> <span class='ocrx_word' id='word_1_254' title='bbox 850 3350 995 3419; x_wconf 82' lang='lat' dir='ltr'>Domitian)</span> <span class='ocrx_word' id='word_1_255' title='bbox 1014 3351 1061 3418; x_wconf 89' lang='lat' dir='ltr'>XI,</span> <span class='ocrx_word' id='word_1_256' title='bbox 1075 3353 1101 3417; x_wconf 92' lang='lat'>3,</span> <span class='ocrx_word' id='word_1_257' title='bbox 1115 3353 1181 3406; x_wconf 80' lang='lat'>160:</span> <span class='ocrx_word' id='word_1_258' title='bbox 1200 3351 1368 3420; x_wconf 81' lang='lat' dir='ltr'>„perfricare</span> <span class='ocrx_word' id='word_1_259' title='bbox 1386 3350 1485 3405; x_wconf 76' lang='lat' dir='ltr'>faciem</span> <span class='ocrx_word' id='word_1_260' title='bbox 1504 3353 1536 3405; x_wconf 86' lang='lat' dir='ltr'>et</span> 
     </span>
     <span class='ocr_line' id='line_1_29' title="bbox 301 3439 1539 3511; baseline -0.002 -16"><span class='ocrx_word' id='word_1_261' title='bbox 301 3440 377 3511; x_wconf 87' lang='lat' dir='ltr'>quasi</span> <span class='ocrx_word' id='word_1_262' title='bbox 395 3439 542 3509; x_wconf 91' lang='lat' dir='ltr'>improbam</span> <span class='ocrx_word' id='word_1_263' title='bbox 560 3440 681 3507; x_wconf 80' lang='lat' dir='ltr'>iacere“,</span> <span class='ocrx_word' id='word_1_264' title='bbox 700 3440 739 3493; x_wconf 87' lang='lat' dir='ltr'>als</span> <span class='ocrx_word' id='word_1_265' title='bbox 757 3439 936 3494; x_wconf 84' lang='lat' dir='ltr'>fohlerhaiter</span> <span class='ocrx_word' id='word_1_266' title='bbox 954 3440 1051 3494; x_wconf 86' lang='lat' dir='ltr'>Gestus</span> <span class='ocrx_word' id='word_1_267' title='bbox 1071 3440 1236 3494; x_wconf 87' lang='lat' dir='ltr'>bezeichnet.</span> <span class='ocrx_word' id='word_1_268' title='bbox 1261 3472 1296 3481; x_wconf 85' lang='lat'><em>-</em></span> <span class='ocrx_word' id='word_1_269' title='bbox 1320 3442 1411 3510; x_wconf 76' lang='lat' dir='ltr'>mone]</span> <span class='ocrx_word' id='word_1_270' title='bbox 1430 3440 1463 3494; x_wconf 91' lang='lat' dir='ltr'>In</span> <span class='ocrx_word' id='word_1_271' title='bbox 1482 3440 1539 3494; x_wconf 89' lang='lat' dir='ltr'>der</span> 
     </span>
     <span class='ocr_line' id='line_1_30' title="bbox 300 3528 1536 3602; baseline 0.001 -19"><span class='ocrx_word' id='word_1_272' title='bbox 300 3529 422 3584; x_wconf 77' lang='lat' dir='ltr'>direktcm</span> <span class='ocrx_word' id='word_1_273' title='bbox 441 3528 617 3597; x_wconf 85' lang='lat' dir='ltr'>Doppelfrage</span> <span class='ocrx_word' id='word_1_274' title='bbox 642 3528 766 3596; x_wconf 73' lang='lat' dir='ltr'>htuiiger</span> <span class='ocrx_word' id='word_1_275' title='bbox 783 3545 884 3581; x_wconf 79' lang='lat' dir='ltr'>emron.</span> <span class='ocrx_word' id='word_1_276' title='bbox 913 3560 947 3568; x_wconf 94' lang='lat'><strong>—</strong></span> <span class='ocrx_word' id='word_1_277' title='bbox 974 3529 1008 3581; x_wconf 82' lang='lat' dir='ltr'>in</span> <span class='ocrx_word' id='word_1_278' title='bbox 1026 3547 1054 3583; x_wconf 86' lang='lat' dir='ltr'>eo</span> <span class='ocrx_word' id='word_1_279' title='bbox 1134 3529 1213 3600; x_wconf 83' lang='lat' dir='ltr'>libro]</span> <span class='ocrx_word' id='word_1_280' title='bbox 1240 3536 1303 3602; x_wconf 79' lang='grc' dir='ltr'>περὶ</span> <span class='ocrx_word' id='word_1_281' title='bbox 1321 3534 1428 3597; x_wconf 60' lang='lat' dir='ltr'>retem</span> <span class='ocrx_word' id='word_1_282' title='bbox 1455 3533 1536 3592; x_wconf 78' lang='grc' dir='ltr'><em>τέλος</em></span> 
     </span>
     <span class='ocr_line' id='line_1_31' title="bbox 300 3616 1536 3687; baseline 0 -16"><span class='ocrx_word' id='word_1_283' title='bbox 300 3617 417 3687; x_wconf 82' lang='lat' dir='ltr'>(„Ende,</span> <span class='ocrx_word' id='word_1_284' title='bbox 437 3616 524 3685; x_wconf 63' lang='lat' dir='ltr'>ziell)</span> <span class='ocrx_word' id='word_1_285' title='bbox 548 3617 629 3671; x_wconf 90' lang='lat' dir='ltr'>sucht</span> <span class='ocrx_word' id='word_1_286' title='bbox 646 3617 739 3673; x_wconf 83' lang='lat' dir='ltr'>Cicero</span> <span class='ocrx_word' id='word_1_287' title='bbox 763 3617 813 3670; x_wconf 87' lang='lat' dir='ltr'>mit</span> <span class='ocrx_word' id='word_1_288' title='bbox 829 3617 897 3684; x_wconf 74' lang='lat' dir='ltr'>finis</span> <span class='ocrx_word' id='word_1_289' title='bbox 916 3617 1059 3685; x_wconf 75' lang='grc' dir='ltr'><strong><em>ὂοιιαιιινι,</em></strong></span> <span class='ocrx_word' id='word_1_290' title='bbox 1084 3636 1226 3673; x_wconf 68' lang='lat' dir='ltr'>nummum</span> <span class='ocrx_word' id='word_1_291' title='bbox 1244 3619 1355 3685; x_wconf 78' lang='lat' dir='ltr'>bonam,</span> <span class='ocrx_word' id='word_1_292' title='bbox 1380 3624 1536 3673; x_wconf 40' lang='lat' dir='ltr'>aetermam&gt;</span> 
     </span>
     <span class='ocr_line' id='line_1_32' title="bbox 300 3705 1530 3776; baseline -0.001 -16"><span class='ocrx_word' id='word_1_293' title='bbox 300 3706 365 3760; x_wconf 92' lang='lat' dir='ltr'>oder</span> <span class='ocrx_word' id='word_1_294' title='bbox 381 3706 512 3759; x_wconf 72' lang='grc' dir='ltr'><strong><em>αῶιιαιιαι</em></strong></span> <span class='ocrx_word' id='word_1_295' title='bbox 530 3706 631 3760; x_wconf 80' lang='lat' dir='ltr'>tonum</span> <span class='ocrx_word' id='word_1_296' title='bbox 648 3723 682 3759; x_wconf 87' lang='lat' dir='ltr'>zu</span> <span class='ocrx_word' id='word_1_297' title='bbox 699 3705 875 3774; x_wconf 78' lang='lat' dir='ltr'>iibersetzen3</span> <span class='ocrx_word' id='word_1_298' title='bbox 897 3706 931 3760; x_wconf 88' lang='lat' dir='ltr'>de</span> <span class='ocrx_word' id='word_1_299' title='bbox 950 3706 999 3760; x_wconf 86' lang='lat' dir='ltr'>fin.</span> <span class='ocrx_word' id='word_1_300' title='bbox 1018 3707 1070 3774; x_wconf 93' lang='lat' dir='ltr'>Ill,</span> <span class='ocrx_word' id='word_1_301' title='bbox 1089 3709 1138 3762; x_wconf 82' lang='lat'>26:</span> <span class='ocrx_word' id='word_1_302' title='bbox 1158 3748 1174 3776; x_wconf 93' lang='lat'>„</span> <span class='ocrx_word' id='word_1_303' title='bbox 1182 3708 1248 3764; x_wconf 83' lang='lat' dir='ltr'>Cum</span> <span class='ocrx_word' id='word_1_304' title='bbox 1268 3708 1339 3761; x_wconf 88' lang='lat' dir='ltr'>enim</span> <span class='ocrx_word' id='word_1_305' title='bbox 1357 3708 1408 3761; x_wconf 91' lang='lat' dir='ltr'>hoe</span> <span class='ocrx_word' id='word_1_306' title='bbox 1427 3707 1462 3761; x_wconf 89' lang='lat' dir='ltr'>sit</span> <span class='ocrx_word' id='word_1_307' title='bbox 1481 3723 1530 3761; x_wconf 89' lang='lat' dir='ltr'>ex-</span> 
     </span>
     <span class='ocr_line' id='line_1_33' title="bbox 299 3795 1535 3866; baseline 0.002 -17"><span class='ocrx_word' id='word_1_308' title='bbox 299 3798 416 3849; x_wconf 84' lang='lat' dir='ltr'>tromum</span> <span class='ocrx_word' id='word_1_309' title='bbox 440 3795 534 3864; x_wconf 85' lang='lat' dir='ltr'>(sentis</span> <span class='ocrx_word' id='word_1_310' title='bbox 553 3795 638 3863; x_wconf 90' lang='lat' dir='ltr'>enim,</span> <span class='ocrx_word' id='word_1_311' title='bbox 663 3796 757 3861; x_wconf 86' lang='lat' dir='ltr'>oredo,</span> <span class='ocrx_word' id='word_1_312' title='bbox 782 3811 826 3849; x_wconf 89' lang='lat' dir='ltr'>me</span> <span class='ocrx_word' id='word_1_313' title='bbox 844 3795 897 3849; x_wconf 88' lang='lat' dir='ltr'>iarn</span> <span class='ocrx_word' id='word_1_314' title='bbox 916 3795 962 3849; x_wconf 91' lang='lat' dir='ltr'>diu</span> <span class='ocrx_word' id='word_1_315' title='bbox 980 3797 1050 3866; x_wconf 93' lang='lat' dir='ltr'>quod</span> <span class='ocrx_word' id='word_1_316' title='bbox 1070 3802 1145 3860; x_wconf 74' lang='grc' dir='ltr'><em>τέλος</em></span> <span class='ocrx_word' id='word_1_317' title='bbox 1164 3797 1259 3851; x_wconf 84' lang='lat' dir='ltr'>Graeci</span> <span class='ocrx_word' id='word_1_318' title='bbox 1277 3798 1369 3851; x_wconf 71' lang='lat' dir='ltr'>diorum</span> <span class='ocrx_word' id='word_1_319' title='bbox 1392 3796 1419 3850; x_wconf 93' lang='lat' dir='ltr'>id</span> <span class='ocrx_word' id='word_1_320' title='bbox 1438 3795 1535 3851; x_wconf 81' lang='lat' dir='ltr'>dicore</span> 
     </span>
     <span class='ocr_line' id='line_1_34' title="bbox 299 3884 1534 3955; baseline 0.002 -17"><span class='ocrx_word' id='word_1_321' title='bbox 299 3889 358 3938; x_wconf 90' lang='lat' dir='ltr'>turn</span> <span class='ocrx_word' id='word_1_322' title='bbox 377 3886 535 3955; x_wconf 78' lang='lat' dir='ltr'>extremum,</span> <span class='ocrx_word' id='word_1_323' title='bbox 554 3886 612 3938; x_wconf 92' lang='lat' dir='ltr'>tum</span> <span class='ocrx_word' id='word_1_324' title='bbox 629 3884 762 3952; x_wconf 89' lang='lat' dir='ltr'>ultimum,</span> <span class='ocrx_word' id='word_1_325' title='bbox 781 3886 839 3938; x_wconf 92' lang='lat' dir='ltr'>tum</span> <span class='ocrx_word' id='word_1_326' title='bbox 856 3900 1003 3953; x_wconf 72' lang='lat' dir='ltr'>summum,</span> <span class='ocrx_word' id='word_1_327' title='bbox 1029 3886 1121 3940; x_wconf 86' lang='lat' dir='ltr'>licebit</span> <span class='ocrx_word' id='word_1_328' title='bbox 1138 3886 1219 3940; x_wconf 86' lang='lat' dir='ltr'>etiam</span> <span class='ocrx_word' id='word_1_329' title='bbox 1236 3887 1322 3940; x_wconf 85' lang='lat' dir='ltr'>finem</span> <span class='ocrx_word' id='word_1_330' title='bbox 1340 3902 1388 3955; x_wconf 92' lang='lat' dir='ltr'>pro</span> <span class='ocrx_word' id='word_1_331' title='bbox 1407 3888 1534 3941; x_wconf 84' lang='lat' dir='ltr'>extremo·</span> 
     </span>
     <span class='ocr_line' id='line_1_35' title="bbox 299 3964 1534 4043; baseline -0.001 -15"><span class='ocrx_word' id='word_1_332' title='bbox 299 3976 346 4028; x_wconf 84' lang='lat' dir='ltr'>aut</span> <span class='ocrx_word' id='word_1_333' title='bbox 363 3974 456 4028; x_wconf 85' lang='lat' dir='ltr'>ultimo</span> <span class='ocrx_word' id='word_1_334' title='bbox 475 3974 583 4043; x_wconf 85' lang='lat' dir='ltr'>dicere),</span> <span class='ocrx_word' id='word_1_335' title='bbox 602 3990 662 4027; x_wconf 91' lang='lat' dir='ltr'>cum</span> <span class='ocrx_word' id='word_1_336' title='bbox 680 3972 761 4042; x_wconf 85' lang='lat' dir='ltr'>igitur</span> <span class='ocrx_word' id='word_1_337' title='bbox 779 3975 848 4027; x_wconf 78' lang='grc'><strong>...“.</strong></span> <span class='ocrx_word' id='word_1_338' title='bbox 885 3972 936 4027; x_wconf 86' lang='lat' dir='ltr'>Die</span> <span class='ocrx_word' id='word_1_339' title='bbox 954 3973 1079 4043; x_wconf 84' lang='lat' dir='ltr'>folgende</span> <span class='ocrx_word' id='word_1_340' title='bbox 1093 3964 1281 4043; x_wconf 70' lang='lat' dir='ltr'>Ubersetzung</span> <span class='ocrx_word' id='word_1_341' title='bbox 1299 3975 1346 4029; x_wconf 87' lang='lat' dir='ltr'>des</span> <span class='ocrx_word' id='word_1_342' title='bbox 1354 3974 1534 4029; x_wconf 86' lang='lat' dir='ltr'>Abschnittes</span> 
     </span>
     <span class='ocr_line' id='line_1_36' title="bbox 299 4062 1528 4134; baseline 0.001 -16"><span class='ocrx_word' id='word_1_343' title='bbox 299 4079 347 4118; x_wconf 84' lang='lat' dir='ltr'>aus</span> <span class='ocrx_word' id='word_1_344' title='bbox 371 4065 420 4118; x_wconf 93' lang='lat' dir='ltr'>der</span> <span class='ocrx_word' id='word_1_345' title='bbox 437 4062 579 4118; x_wconf 87' lang='lat' dir='ltr'>Lustlehre</span> <span class='ocrx_word' id='word_1_346' title='bbox 602 4064 650 4117; x_wconf 88' lang='lat' dir='ltr'>des</span> <span class='ocrx_word' id='word_1_347' title='bbox 668 4062 768 4131; x_wconf 82' lang='lat' dir='ltr'>Epikur</span> <span class='ocrx_word' id='word_1_348' title='bbox 790 4063 825 4117; x_wconf 88' lang='lat' dir='ltr'>ist</span> <span class='ocrx_word' id='word_1_349' title='bbox 849 4062 971 4117; x_wconf 84' lang='lat' dir='ltr'>riemlioh</span> <span class='ocrx_word' id='word_1_350' title='bbox 995 4063 1118 4118; x_wconf 81' lang='lat' dir='ltr'>wdrtlieh</span> <span class='ocrx_word' id='word_1_351' title='bbox 1142 4067 1182 4133; x_wconf 81' lang='lat' dir='ltr'>(so</span> <span class='ocrx_word' id='word_1_352' title='bbox 1200 4064 1341 4119; x_wconf 71' lang='grc' dir='ltr'><strong><em>ἀαιιαιιιαι</em></strong></span> <span class='ocrx_word' id='word_1_353' title='bbox 1365 4082 1412 4119; x_wconf 72' lang='grc' dir='ltr'>νας</span> <span class='ocrx_word' id='word_1_354' title='bbox 1435 4066 1528 4134; x_wconf 81' lang='lat' dir='ltr'>uolup-</span> 
     </span>
     <span class='ocr_line' id='line_1_37' title="bbox 298 4152 1533 4222; baseline 0.001 -15"><span class='ocrx_word' id='word_1_355' title='bbox 298 4154 388 4222; x_wconf 79' lang='lat' dir='ltr'>tates),</span> <span class='ocrx_word' id='word_1_356' title='bbox 413 4152 483 4207; x_wconf 90' lang='lat' dir='ltr'>wohl</span> <span class='ocrx_word' id='word_1_357' title='bbox 506 4153 556 4206; x_wconf 90' lang='lat' dir='ltr'>mit</span> <span class='ocrx_word' id='word_1_358' title='bbox 573 4152 686 4207; x_wconf 85' lang='lat' dir='ltr'>Absicht</span> <span class='ocrx_word' id='word_1_359' title='bbox 707 4153 843 4222; x_wconf 72' lang='lat' dir='ltr'>(cupressu</span> <span class='ocrx_word' id='word_1_360' title='bbox 861 4153 899 4207; x_wconf 85' lang='lat' dir='ltr'>ud</span> <span class='ocrx_word' id='word_1_361' title='bbox 915 4153 1024 4207; x_wconf 67' lang='lat' dir='ltr'>emtum</span> <span class='ocrx_word' id='word_1_362' title='bbox 1042 4153 1115 4219; x_wconf 78' lang='lat' dir='ltr'>diui,</span> <span class='ocrx_word' id='word_1_363' title='bbox 1140 4154 1156 4222; x_wconf 64' lang='grc' dir='ltr'>ἓ</span> <span class='ocrx_word' id='word_1_364' title='bbox 1175 4154 1228 4221; x_wconf 83' lang='grc'>44).</span> <span class='ocrx_word' id='word_1_365' title='bbox 1254 4185 1289 4194; x_wconf 95' lang='lat'><em>-</em></span> <span class='ocrx_word' id='word_1_366' title='bbox 1314 4154 1366 4208; x_wconf 83' lang='lat' dir='ltr'>liin</span> <span class='ocrx_word' id='word_1_367' title='bbox 1383 4154 1533 4222; x_wconf 75' lang='lat' dir='ltr'>Fragment.</span> 
     </span>
     <span class='ocr_line' id='line_1_38' title="bbox 298 4241 1533 4313; baseline 0.001 -18"><span class='ocrx_word' id='word_1_368' title='bbox 298 4241 342 4295; x_wconf 89' lang='lat' dir='ltr'>bei</span> <span class='ocrx_word' id='word_1_369' title='bbox 366 4242 427 4296; x_wconf 88' lang='lat' dir='ltr'>dem</span> <span class='ocrx_word' id='word_1_370' title='bbox 451 4244 545 4311; x_wconf 71' lang='lat' dir='ltr'>spiten</span> <span class='ocrx_word' id='word_1_371' title='bbox 564 4241 759 4303; x_wconf 80' lang='lat' dir='ltr'>Grammatilrer</span> <span class='ocrx_word' id='word_1_372' title='bbox 785 4245 841 4311; x_wconf 90' lang='lat' dir='ltr'>(um</span> <span class='ocrx_word' id='word_1_373' title='bbox 860 4244 914 4298; x_wconf 75' lang='grc'>228</span> <span class='ocrx_word' id='word_1_374' title='bbox 932 4260 958 4296; x_wconf 92' lang='lat' dir='ltr'>n.</span> <span class='ocrx_word' id='word_1_375' title='bbox 979 4243 1052 4312; x_wconf 87' lang='lat' dir='ltr'>Chr.)</span> <span class='ocrx_word' id='word_1_376' title='bbox 1075 4244 1213 4298; x_wconf 70' lang='lat' dir='ltr'>Athentus</span> <span class='ocrx_word' id='word_1_377' title='bbox 1237 4244 1315 4313; x_wconf 81' lang='lat' dir='ltr'>(Vll,</span> <span class='ocrx_word' id='word_1_378' title='bbox 1334 4245 1397 4312; x_wconf 83' lang='lat'>280)</span> <span class='ocrx_word' id='word_1_379' title='bbox 1423 4243 1533 4297; x_wconf 72' lang='lat' dir='ltr'>euthalt</span> 
     </span>
     <span class='ocr_line' id='line_1_39' title="bbox 298 4329 1526 4407; baseline 0.002 -24"><span class='ocrx_word' id='word_1_380' title='bbox 298 4331 346 4383; x_wconf 88' lang='lat' dir='ltr'>das</span> <span class='ocrx_word' id='word_1_381' title='bbox 371 4330 537 4398; x_wconf 82' lang='lat' dir='ltr'>griechisehe</span> <span class='ocrx_word' id='word_1_382' title='bbox 562 4329 694 4399; x_wconf 74' lang='lat' dir='ltr'>original:</span> <span class='ocrx_word' id='word_1_383' title='bbox 723 4334 780 4398; x_wconf 84' lang='lat' dir='ltr'>„od</span> <span class='ocrx_word' id='word_1_384' title='bbox 806 4334 861 4405; x_wconf 81' lang='grc' dir='ltr'>γὰρ</span> <span class='ocrx_word' id='word_1_385' title='bbox 887 4334 973 4403; x_wconf 79' lang='grc' dir='ltr'><em>ἔγωγε</em></span> <span class='ocrx_word' id='word_1_386' title='bbox 1002 4333 1128 4407; x_wconf 76' lang='grc' dir='ltr'><strong><em>ἀύναμαι</em></strong></span> <span class='ocrx_word' id='word_1_387' title='bbox 1155 4344 1254 4399; x_wconf 77' lang='grc' dir='ltr'><strong><em>νοῆσαι</em></strong></span> <span class='ocrx_word' id='word_1_388' title='bbox 1282 4337 1411 4405; x_wconf 73' lang='grc' dir='ltr'><strong><em>τάγαθὸν</em></strong></span> <span class='ocrx_word' id='word_1_389' title='bbox 1439 4335 1526 4404; x_wconf 88' lang='grc' dir='ltr'><strong><em>ἀφαι-</em></strong></span> 
     </span>
     <span class='ocr_line' id='line_1_40' title="bbox 298 4419 1530 4495; baseline 0.005 -24"><span class='ocrx_word' id='word_1_390' title='bbox 298 4432 353 4493; x_wconf 86' lang='grc' dir='ltr'>ρῶν</span> <span class='ocrx_word' id='word_1_391' title='bbox 378 4419 543 4489; x_wconf 76' lang='lat' dir='ltr'>(detrahens)</span> <span class='ocrx_word' id='word_1_392' title='bbox 568 4422 622 4495; x_wconf 78' lang='grc' dir='ltr'>μὲν</span> <span class='ocrx_word' id='word_1_393' title='bbox 647 4423 696 4483; x_wconf 82' lang='grc' dir='ltr'>τάς</span> <span class='ocrx_word' id='word_1_394' title='bbox 720 4421 769 4475; x_wconf 80' lang='grc' dir='ltr'>διὰ</span> <span class='ocrx_word' id='word_1_395' title='bbox 790 4425 884 4492; x_wconf 77' lang='grc' dir='ltr'><strong><em>χαλῶν</em></strong></span> <span class='ocrx_word' id='word_1_396' title='bbox 910 4422 1017 4493; x_wconf 80' lang='grc' dir='ltr'><strong>(χυλός,</strong></span> <span class='ocrx_word' id='word_1_397' title='bbox 1044 4438 1138 4491; x_wconf 82' lang='lat' dir='ltr'>sapor,</span> <span class='ocrx_word' id='word_1_398' title='bbox 1165 4421 1388 4491; x_wconf 81' lang='lat' dir='ltr'>„Geschmack“)</span> <span class='ocrx_word' id='word_1_399' title='bbox 1415 4424 1530 4492; x_wconf 64' lang='grc' dir='ltr'>ἡδονάς,</span> 
     </span>
     <span class='ocr_line' id='line_1_41' title="bbox 298 4507 1532 4587; baseline 0.003 -24"><span class='ocrx_word' id='word_1_400' title='bbox 298 4510 426 4582; x_wconf 77' lang='grc' dir='ltr'><strong><em>ἀφαιρῶν</em></strong></span> <span class='ocrx_word' id='word_1_401' title='bbox 449 4510 481 4563; x_wconf 79' lang='grc' dir='ltr'>δὲ</span> <span class='ocrx_word' id='word_1_402' title='bbox 504 4512 553 4571; x_wconf 80' lang='grc' dir='ltr'>τὰς</span> <span class='ocrx_word' id='word_1_403' title='bbox 576 4507 618 4564; x_wconf 77' lang='grc' dir='ltr'>δι’</span> <span class='ocrx_word' id='word_1_404' title='bbox 636 4512 811 4583; x_wconf 77' lang='grc' dir='ltr'><strong><em>ἀφροδισίων</em></strong></span> <span class='ocrx_word' id='word_1_405' title='bbox 829 4511 966 4580; x_wconf 75' lang='lat' dir='ltr'>(veneris),</span> <span class='ocrx_word' id='word_1_406' title='bbox 994 4514 1121 4584; x_wconf 79' lang='grc' dir='ltr'><strong><em>ἀφαιρῶν</em></strong></span> <span class='ocrx_word' id='word_1_407' title='bbox 1146 4514 1177 4567; x_wconf 79' lang='grc' dir='ltr'>δὲ</span> <span class='ocrx_word' id='word_1_408' title='bbox 1203 4516 1251 4574; x_wconf 83' lang='grc' dir='ltr'>τὰς</span> <span class='ocrx_word' id='word_1_409' title='bbox 1275 4509 1318 4567; x_wconf 79' lang='grc' dir='ltr'>δι’</span> <span class='ocrx_word' id='word_1_410' title='bbox 1341 4516 1532 4587; x_wconf 76' lang='grc' dir='ltr'><strong><em>ἀκροαμάτων</em></strong></span> 
     </span>
    </p>
   </div>
   <div class='ocr_carea' id='block_1_4' title="bbox 0 0 1826 5225">
    <p class='ocr_par' dir='ltr' id='par_1_5' title="bbox 0 0 1826 5225">
     <span class='ocr_line' id='line_1_42' title="bbox 0 0 1826 5225; baseline 0 6"><span class='ocrx_word' id='word_1_411' title='bbox 0 0 1826 5225; x_wconf 95' lang='lat' dir='ltr'> </span> 
     </span>
    </p>
   </div>
  </div>
 </body>
</html>
