3642 5225
739 537 796 591 Lib.
815 537 866 606 111,
885 553 907 591 c.
929 537 1041 592 19-20.
1469 532 1506 593 hh

275 701 488 784 voluptatem,
518 699 574 764 sed
603 700 799 783 explanavit,
831 699 906 781 quid
936 699 1064 764 diceret.
1110 697 1362 782 „Saporem“,
1390 697 1504 779 inquit,

275 810 339 886 „et
368 825 582 891 corporum
611 807 868 890 complexum
899 806 939 870 et
972 805 1090 870 ludos
1125 808 1247 888 atqua
1282 805 1430 870 cantus
1465 810 1505 868 et

274 913 427 978 formas
457 932 538 991 aas,
573 914 722 995 quibus
746 914 858 978 oculi
886 912 1065 978 iucunde
1093 912 1370 977 moveantur.“
1415 910 1503 974 Num

275 1021 375 1104 fingo,
405 1040 484 1084 uum
514 1020 674 1085 mentior?
721 1019 822 1103 Cupio
853 1019 964 1084 refelli.
1011 1017 1095 1098 Quid
1120 1019 1205 1084 enim
1229 1019 1351 1097 laboro,
1381 1018 1443 1082 nisi
1466 1019 1505 1081 ut

275 1129 393 1192 veritas
416 1128 449 1191 in
473 1127 559 1192 omni
581 1128 766 1209 quaestione
791 1127 987 1210 explicetur?
1033 1128 1077 1191 At
1099 1126 1184 1190 idem
1209 1126 1255 1191 ait
1276 1144 1340 1190 uon
1363 1144 1503 1190 crescere
1516 1145 1548 1186 ιι

275 1236 473 1318 voluptatem
508 1234 613 1298 dolore
649 1233 792 1298 detracto
832 1251 1055 1314 summamque
1093 1233 1291 1316 voluptatem
1325 1252 1389 1296 csse
1424 1233 1505 1296 nihil

274 1342 391 1406 dolere.
436 1341 553 1406 Paucis
576 1341 681 1406 verbis
704 1340 768 1405 tria
798 1359 916 1423 magua
938 1343 1078 1424 peccata.
1123 1340 1249 1417 Unum,
1279 1340 1364 1422 quod
1395 1359 1504 1405 secum

274 1449 343 1532 ipse
366 1450 506 1531 pugnat;
531 1448 624 1512 modo
649 1448 734 1512 euim
750 1467 789 1512 ne
814 1447 970 1532 suspicari
986 1446 1114 1529 quidem
1139 1465 1172 1511 se
1189 1447 1361 1528 quicquam
1376 1448 1504 1526 bonurn,

274 1556 337 1619 nisi
367 1574 480 1620 sensus
509 1555 601 1637 quasi
631 1556 841 1619 titillarentur
863 1555 1045 1637 voluptate3
1080 1572 1166 1618 nunc
1200 1556 1308 1619 autem
1343 1572 1505 1619 summam

276 1663 475 1745 voluptatem
512 1680 582 1726 esse
620 1661 725 1726 dolore
764 1681 880 1726 carere.
941 1661 1093 1726 Potestne
1138 1661 1242 1744 magis
1289 1680 1398 1725 secum
1437 1661 1504 1744 ipsa

277 1772 444 1852 pugnare?
481 1769 628 1833 Alterum
643 1771 820 1851 peccatum,
844 1768 937 1849 quod,
960 1787 1033 1832 oum
1048 1769 1082 1832 iu
1097 1770 1214 1833 natura
1229 1768 1292 1832 tria
1308 1768 1381 1846 sint,
1404 1787 1505 1833 unum

277 1875 427 1957 gaudere,
451 1875 589 1939 alterum
613 1875 727 1950 dolere,
750 1874 883 1938 tertium
906 1893 965 1938 nec
988 1874 1125 1956 gaudere
1148 1893 1207 1939 nec
1230 1875 1345 1952 dolere,
1367 1875 1419 1939 hic
1441 1876 1506 1958 pri-

277 2001 369 2046 mum
399 1984 432 2046 et
461 1982 593 2046 tertium
623 1984 718 2065 putat
745 1980 831 2045 idem
861 1999 931 2046 essa
957 2000 1016 2045 nec
1039 1981 1208 2062 distinguit
1237 2000 1256 2044 a
1285 2001 1349 2045 non
1373 1982 1505 2048 dolendo

277 2089 486 2172 voluptatem.
531 2088 675 2153 Tertium
696 2089 865 2172 peccatum
888 2107 1055 2153 commune
1080 2107 1153 2152 cum
1177 2089 1382 2169 quibusdam,
1412 2089 1505 2171 quod,

276 2215 352 2260 oum
376 2196 478 2282 virtus
508 2196 644 2260 maxime
675 2197 842 2279 expetatur
871 2195 1002 2277 eiusque
1026 2194 1246 2278 adipiscendae
1277 2214 1376 2260 causa
1405 2196 1507 2279 philo·

277 2303 390 2386 sophia
414 2303 559 2386 quaesita
583 2304 633 2382 sit,
656 2304 710 2368 ille
735 2322 753 2367 a
776 2304 896 2368 virtuto
921 2322 1084 2367 summum
1108 2304 1226 2368 bonum
1249 2303 1416 2386 separavit.
1462 2305 1505 2368 At

275 2410 390 2475 laudat
413 2429 506 2494 saepe
530 2412 691 2475 virtutem.
737 2411 780 2474 Et
804 2410 932 2492 quidem
957 2409 990 2476 O.
1015 2409 1194 2488 Gracchus,
1225 2429 1298 2474 cum
1321 2410 1504 2492 largitiones
1517 2426 1549 2472 ra

279 2517 435 2581 maximas
458 2517 587 2582 fecisset
610 2519 643 2582 et
666 2517 831 2581 effudisset
853 2518 1027 2595 aerarium,
1056 2518 1160 2583 verbis
1183 2519 1292 2581 tamen
1316 2517 1506 2582 defendebat

279 2626 446 2689 aerarium.
504 2624 587 2703 Quid
623 2626 719 2690 verba
754 2625 898 2702 audiam,
934 2644 1008 2689 cum
1038 2625 1124 2689 facta
1153 2625 1301 2690 videam?
1347 2624 1421 2689 Piso
1451 2625 1504 2690 ille

276 2732 376 2813 Frugi
406 2750 532 2815 semper
560 2735 669 2797 contra
699 2732 805 2814 legem
835 2732 1078 2796 frumentariam
1102 2732 1231 2797 dixerat.
1276 2732 1310 2797 Is
1341 2733 1411 2815 lege
1439 2733 1506 2797 lata

279 2840 455 2903 consolaris
479 2839 519 2902 ad
542 2838 740 2904 frumentum
765 2839 983 2923 accipiendum
1006 2843 1145 2905 venerat.
1190 2841 1343 2905 Animum
1366 2840 1505 2906 advertit

278 2944 442 3011 Gracchus
472 2947 505 3010 in
536 2948 680 3012 contione
703 2946 851 3011 Pisonem
875 2949 1031 3028 stantem;
1063 2948 1188 3030 quaerit
1211 2949 1359 3013 audiente
1389 2950 1505 3032 populo

276 3141 445 3209 amicaretur]
465 3140 515 3193 wie
530 3140 672 3209 pellantur
690 3140 754 3193 oder
771 3152 924 3205 κινοῦνται,
944 3139 1084 3207 „affiziert
1101 3140 1222 3208 werden,
1247 3140 1306 3193 aine
1325 3141 1506 3211 Empfindung

277 3230 467 3284 belommen“.

350 3333 392 3373 rr.
411 3319 448 3372 At
527 3317 603 3371 nihil
620 3318 715 3386 dolere]
729 3316 790 3371 hier
806 3317 862 3369 und
876 3316 905 3369 in
924 3318 940 3385 ᾖ
956 3318 991 3372 48
1010 3318 1073 3384 „At
1091 3316 1214 3371 laudat
1231 3316 1380 3371 virtutem“
1399 3319 1506 3373 werden

275 3407 320 3460 die
339 3407 434 3460 beiden
448 3406 661 3460 Ausiliichtc
680 3406 740 3459 der
753 3405 946 3473 Epikureer
963 3405 1098 3473 versucht,
1118 3406 1182 3459 aber
1199 3406 1284 3460 sofort
1296 3407 1346 3459 mit
1363 3407 1423 3461 dem
1438 3408 1506 3461 Hiu-

278 3496 343 3550 weis
361 3496 409 3549 aui
425 3495 469 3549 die
487 3496 665 3563 Konsequenz
684 3495 732 3549 des
751 3495 954 3564 Lustbegrifles
973 3495 1021 3549 das
1038 3495 1168 3549 hiiahsten
1187 3496 1282 3564 Gutes,
1302 3496 1456 3550 verhindert
1473 3499 1505 3569 (s.

276 3586 365 3655 §28h
385 3616 419 3624 -
438 3601 495 3638 aaa
512 3585 607 3653 dokre]
632 3585 709 3638 Auch
728 3585 796 3640 nach
814 3584 974 3639 Aristoteles
992 3584 1027 3638 ist
1049 3584 1093 3639 dia
1115 3588 1194 3648 λύσις
1215 3591 1303 3654 λύπης
1325 3586 1385 3640 eina
1408 3588 1505 3655 ἡδονήε

277 3677 331 3742 ἡδὺ
353 3680 400 3730 καὶ
423 3678 455 3729 τὸ
476 3678 517 3748 μὴ
539 3678 612 3747 ἔχειν
628 3678 713 3729 κακόν
730 3674 808 3745 (rhet.
827 3674 868 3740 II,
887 3691 913 3743 p.
936 3674 1035 3730 l370b
1054 3676 1088 3743 7).
1114 3706 1148 3714 -
1169 3676 1291 3745 peccata]
1318 3675 1394 3729 Auch
1412 3675 1441 3727 in
1459 3676 1507 3729 der

278 3764 379 3832 Physilr
396 3764 451 3817 und
471 3763 550 3817 Ethilr
571 3762 659 3817 lassen
682 3763 740 3817 sich
762 3764 800 3817 im
819 3763 925 3832 System
949 3763 996 3817 des
1013 3763 1114 3832 Epilrur
1131 3764 1341 3832 Widerspriiche
1365 3764 1508 3819 unsehwar

277 3853 433 3907 auideclren.
453 3885 487 3893 —
512 3853 635 3922 titillare]
655 3858 829 3929 γαργαλίζειν
848 3853 1000 3921 „litzelu“,
1026 3854 1070 3907 ein
1088 3853 1197 3921 spezioll
1215 3853 1419 3921 ldpilrureisehsr
1438 3855 1507 3908 Aus-

275 3942 359 3997 dmalr
374 3943 417 4012 (de
431 3944 485 3997 nat
500 3943 571 3997 deor.
581 3942 604 4009 Ι,
615 3944 686 4010 112).
701 3974 735 3983 -
749 3960 841 3997 aarum
851 3943 986 4013 maara]
1003 3968 1034 3987 =
1045 3942 1203 4011 pugnantia
1216 3942 1304 3996 dicare
1318 3942 1398 4011 „siah
1412 3942 1507 3996 wider-

276 4031 440 4099 sprechenl,
459 4032 519 4086 aine
537 4031 601 4086 sehr
614 4031 747 4101 geliufige
761 4032 911 4101 Wendung.
927 4063 961 4071 —
980 4049 1043 4086 cam
1061 4032 1236 4101 quibasdam]
1256 4047 1285 4085 so
1299 4032 1342 4084 die
1357 4030 1399 4085 bei
1414 4031 1507 4087 Cicero

275 4121 361 4175 ditem
378 4123 530 4190 genannten
548 4120 728 4189 Philosophen
745 4122 936 4190 Hieronymus,
956 4121 1083 4190 Callipho,
1102 4120 1290 4175 Dinomachus.

349 4222 391 4267 aa.
411 4210 447 4263 at
460 4209 580 4280 quadem]
596 4210 718 4279 „gewiss
738 4211 837 4278 auch“,
857 4211 1010 4281 (ironischo)
1025 4211 1165 4279 Bejahung
1178 4210 1227 4263 mit
1240 4209 1328 4264 cinam
1343 4210 1461 4263 Zusatze.
1472 4240 1507 4251 -

280 4299 309 4354 0.
328 4299 477 4369 Gracchus]
493 4298 559 4353 Elina
573 4299 777 4369 durchgehends
790 4300 989 4354 verurtailende
1003 4299 1089 4353 Kritilr
1103 4299 1153 4352 iibt
1162 4298 1255 4354 Cicero
1270 4314 1304 4353 an
1317 4299 1369 4353 den
1384 4298 1507 4353 Reform·

277 4388 475 4457 besirebungen
499 4389 548 4441 der
566 4388 703 4442 Gracchen
728 4389 883 4459 (basouders
905 4389 943 4442 im
961 4388 1086 4443 Hinbliclr
1109 4389 1156 4443 auf
1174 4388 1269 4444 Oisars
1287 4388 1507 4457 Achergesetze);

278 4477 321 4530 dio
340 4476 385 4531 lex
402 4477 578 4531 frumentaria
596 4480 659 4548 (123
679 4495 703 4531 v.
724 4478 797 4547 Chr.)
821 4479 986 4533 verschaffte
1009 4479 1062 4532 deu
1080 4494 1173 4532 armen
1191 4477 1314 4547 Biirgorn
1338 4478 1381 4531 ein
1404 4480 1507 4531 monat-

276 4565 362 4619 liches
380 4566 574 4622 Getreidemals
592 4584 626 4621 zu
646 4567 734 4622 einem
753 4567 869 4623 iusserat
886 4567 1025 4637 niedrigeu
1043 4567 1143 4623 Praise.
1169 4599 1204 4608 -
1227 4567 1306 4637 Piso]
1333 4582 1353 4621 s
1374 4567 1390 4636 ἐ
1410 4568 1453 4622 16.
1472 4597 1507 4607 -
