<?xml version="1.0" encoding="UTF-8"?>
<!DOCTYPE html PUBLIC "-//W3C//DTD XHTML 1.0 Transitional//EN"
    "http://www.w3.org/TR/xhtml1/DTD/xhtml1-transitional.dtd">
<html xmlns="http://www.w3.org/1999/xhtml" xml:lang="en" lang="en">
 <head>
  <title>
</title>
<meta http-equiv="Content-Type" content="text/html;charset=utf-8" />
  <meta name='ocr-system' content='tesseract 3.04.00' />
  <meta name='ocr-capabilities' content='ocr_page ocr_carea ocr_par ocr_line ocrx_word'/>
</head>
<body>
  <div class='ocr_page' id='page_1' title='image "./mtulliiciceroni71cicegoog/mtulliiciceroni71cicegoog_0197.png"; bbox 0 0 3642 5225; ppageno 0'>
   <div class='ocr_carea' id='block_1_1' title="bbox 757 530 1514 607">
    <p class='ocr_par' dir='ltr' id='par_1_1' title="bbox 757 530 1514 607">
     <span class='ocr_line' id='line_1_1' title="bbox 757 530 1514 607; baseline -0.003 -15"><span class='ocrx_word' id='word_1_1' title='bbox 757 537 814 592; x_wconf 81' lang='lat' dir='ltr'>ua.</span> <span class='ocrx_word' id='word_1_2' title='bbox 836 537 866 607; x_wconf 82' lang='lat' dir='ltr'>v,</span> <span class='ocrx_word' id='word_1_3' title='bbox 886 553 909 591; x_wconf 75' lang='grc' dir='ltr'>α.</span> <span class='ocrx_word' id='word_1_4' title='bbox 928 537 1043 593; x_wconf 73' lang='lat' dir='ltr'>ac-as.</span> <span class='ocrx_word' id='word_1_5' title='bbox 1463 530 1514 592; x_wconf 81' lang='lat' dir='ltr'>rol</span> 
     </span>
    </p>
   </div>
   <div class='ocr_carea' id='block_1_2' title="bbox 282 694 1572 2622">
    <p class='ocr_par' dir='ltr' id='par_1_2' title="bbox 282 694 1572 2389">
     <span class='ocr_line' id='line_1_2' title="bbox 286 694 1515 785; baseline -0.007 -18"><span class='ocrx_word' id='word_1_6' title='bbox 286 703 409 779; x_wconf 87' lang='lat' dir='ltr'>ferunt,</span> <span class='ocrx_word' id='word_1_7' title='bbox 438 722 512 768; x_wconf 90' lang='lat' dir='ltr'>cum</span> <span class='ocrx_word' id='word_1_8' title='bbox 542 702 720 766; x_wconf 74' lang='lat' dir='ltr'><strong>cenavisset</strong></span> <span class='ocrx_word' id='word_1_9' title='bbox 751 700 835 785; x_wconf 88' lang='lat' dir='ltr'>apud</span> <span class='ocrx_word' id='word_1_10' title='bbox 858 700 1026 765; x_wconf 77' lang='lat' dir='ltr'>Platonem</span> <span class='ocrx_word' id='word_1_11' title='bbox 1054 716 1154 780; x_wconf 89' lang='lat' dir='ltr'>eoque</span> <span class='ocrx_word' id='word_1_12' title='bbox 1178 696 1319 762; x_wconf 90' lang='lat' dir='ltr'>convivio</span> <span class='ocrx_word' id='word_1_13' title='bbox 1343 694 1515 759; x_wconf 83' lang='lat' dir='ltr'><strong>admodum</strong></span> 
     </span>
     <span class='ocr_line' id='line_1_3' title="bbox 287 801 1514 890; baseline -0.007 -17"><span class='ocrx_word' id='word_1_14' title='bbox 287 811 465 874; x_wconf 87' lang='lat' dir='ltr'>delectatus</span> <span class='ocrx_word' id='word_1_15' title='bbox 495 810 581 872; x_wconf 87' lang='lat' dir='ltr'>esset</span> <span class='ocrx_word' id='word_1_16' title='bbox 610 808 806 889; x_wconf 80' lang='lat' dir='ltr'>vidissetque</span> <span class='ocrx_word' id='word_1_17' title='bbox 836 825 910 871; x_wconf 91' lang='lat' dir='ltr'>eum</span> <span class='ocrx_word' id='word_1_18' title='bbox 940 805 1107 890; x_wconf 81' lang='lat' dir='ltr'>postridie,</span> <span class='ocrx_word' id='word_1_19' title='bbox 1142 804 1276 869; x_wconf 83' lang='lat' dir='ltr'>dixisse:</span> <span class='ocrx_word' id='word_1_20' title='bbox 1312 801 1514 882; x_wconf 88' lang='lat' dir='ltr'>„Vestrae</span> 
     </span>
     <span class='ocr_line' id='line_1_4' title="bbox 287 909 1514 998; baseline -0.006 -19"><span class='ocrx_word' id='word_1_21' title='bbox 287 917 449 998; x_wconf 85' lang='lat' dir='ltr'>quidam</span> <span class='ocrx_word' id='word_1_22' title='bbox 483 933 608 979; x_wconf 89' lang='lat' dir='ltr'>cenae</span> <span class='ocrx_word' id='word_1_23' title='bbox 642 932 719 977; x_wconf 92' lang='lat' dir='ltr'>non</span> <span class='ocrx_word' id='word_1_24' title='bbox 755 914 887 978; x_wconf 89' lang='lat' dir='ltr'>solum</span> <span class='ocrx_word' id='word_1_25' title='bbox 920 913 961 976; x_wconf 93' lang='lat' dir='ltr'>in</span> <span class='ocrx_word' id='word_1_26' title='bbox 995 911 1251 995; x_wconf 88' lang='lat' dir='ltr'>praesentia,</span> <span class='ocrx_word' id='word_1_27' title='bbox 1286 910 1354 975; x_wconf 91' lang='lat' dir='ltr'>scd</span> <span class='ocrx_word' id='word_1_28' title='bbox 1390 909 1514 974; x_wconf 89' lang='lat' dir='ltr'>etiam</span> 
     </span>
     <span class='ocr_line' id='line_1_5' title="bbox 285 1015 1515 1106; baseline -0.006 -19"><span class='ocrx_word' id='word_1_29' title='bbox 285 1025 451 1106; x_wconf 87' lang='lat' dir='ltr'>postero</span> <span class='ocrx_word' id='word_1_30' title='bbox 475 1022 537 1085; x_wconf 88' lang='lat' dir='ltr'>dic</span> <span class='ocrx_word' id='word_1_31' title='bbox 561 1021 763 1086; x_wconf 90' lang='lat' dir='ltr'>iucundae</span> <span class='ocrx_word' id='word_1_32' title='bbox 787 1023 909 1084; x_wconf 86' lang='lat' dir='ltr'>sunt.“</span> <span class='ocrx_word' id='word_1_33' title='bbox 956 1017 1053 1098; x_wconf 82' lang='lat' dir='ltr'>Quid,</span> <span class='ocrx_word' id='word_1_34' title='bbox 1083 1017 1168 1101; x_wconf 90' lang='lat' dir='ltr'>quod</span> <span class='ocrx_word' id='word_1_35' title='bbox 1190 1037 1230 1082; x_wconf 90' lang='lat' dir='ltr'>ne</span> <span class='ocrx_word' id='word_1_36' title='bbox 1252 1020 1360 1083; x_wconf 88' lang='lat' dir='ltr'>mente</span> <span class='ocrx_word' id='word_1_37' title='bbox 1385 1015 1515 1099; x_wconf 88' lang='lat' dir='ltr'>quidem</span> 
     </span>
     <span class='ocr_line' id='line_1_6' title="bbox 286 1122 1514 1211; baseline -0.005 -18"><span class='ocrx_word' id='word_1_38' title='bbox 286 1132 371 1194; x_wconf 89' lang='lat' dir='ltr'>recte</span> <span class='ocrx_word' id='word_1_39' title='bbox 395 1129 443 1192; x_wconf 87' lang='lat' dir='ltr'>uti</span> <span class='ocrx_word' id='word_1_40' title='bbox 465 1147 635 1211; x_wconf 89' lang='lat' dir='ltr'>possumus</span> <span class='ocrx_word' id='word_1_41' title='bbox 659 1128 762 1191; x_wconf 90' lang='lat' dir='ltr'>multo</span> <span class='ocrx_word' id='word_1_42' title='bbox 786 1127 854 1192; x_wconf 90' lang='lat' dir='ltr'>cibo</span> <span class='ocrx_word' id='word_1_43' title='bbox 877 1129 910 1191; x_wconf 87' lang='lat' dir='ltr'>et</span> <span class='ocrx_word' id='word_1_44' title='bbox 925 1127 1052 1209; x_wconf 93' lang='lat' dir='ltr'>potione</span> <span class='ocrx_word' id='word_1_45' title='bbox 1068 1125 1240 1208; x_wconf 81' lang='lat' dir='ltr'>completi?</span> <span class='ocrx_word' id='word_1_46' title='bbox 1274 1122 1334 1188; x_wconf 79' lang='lat' dir='ltr'>E&#39;st</span> <span class='ocrx_word' id='word_1_47' title='bbox 1349 1123 1514 1207; x_wconf 88' lang='lat' dir='ltr'>praeclara</span> 
     </span>
     <span class='ocr_line' id='line_1_7' title="bbox 286 1230 1513 1318; baseline -0.006 -17"><span class='ocrx_word' id='word_1_48' title='bbox 286 1237 423 1318; x_wconf 83' lang='lat' dir='ltr'>epistula</span> <span class='ocrx_word' id='word_1_49' title='bbox 446 1236 589 1300; x_wconf 81' lang='lat' dir='ltr'>Platonis</span> <span class='ocrx_word' id='word_1_50' title='bbox 613 1235 652 1299; x_wconf 86' lang='lat' dir='ltr'>ad</span> <span class='ocrx_word' id='word_1_51' title='bbox 676 1235 786 1298; x_wconf 90' lang='lat' dir='ltr'>Dionis</span> <span class='ocrx_word' id='word_1_52' title='bbox 814 1234 1025 1317; x_wconf 90' lang='lat' dir='ltr'>propinquos,</span> <span class='ocrx_word' id='word_1_53' title='bbox 1054 1233 1176 1313; x_wconf 90' lang='lat' dir='ltr'>inqua</span> <span class='ocrx_word' id='word_1_54' title='bbox 1203 1232 1359 1314; x_wconf 86' lang='lat' dir='ltr'>scriptum</span> <span class='ocrx_word' id='word_1_55' title='bbox 1386 1232 1436 1294; x_wconf 89' lang='lat' dir='ltr'>est</span> <span class='ocrx_word' id='word_1_56' title='bbox 1463 1230 1513 1294; x_wconf 93' lang='lat' dir='ltr'>his</span> 
     </span>
     <span class='ocr_line' id='line_1_8' title="bbox 285 1339 1513 1420; baseline -0.004 -13"><span class='ocrx_word' id='word_1_57' title='bbox 285 1342 351 1407; x_wconf 85' lang='lat' dir='ltr'>iere</span> <span class='ocrx_word' id='word_1_58' title='bbox 374 1343 498 1407; x_wconf 84' lang='lat' dir='ltr'>verbis:</span> <span class='ocrx_word' id='word_1_59' title='bbox 529 1340 636 1420; x_wconf 81' lang='lat' dir='ltr'>„Quo</span> <span class='ocrx_word' id='word_1_60' title='bbox 665 1361 752 1405; x_wconf 92' lang='lat' dir='ltr'>cum</span> <span class='ocrx_word' id='word_1_61' title='bbox 778 1341 998 1417; x_wconf 86' lang='lat' dir='ltr'>venissem,</span> <span class='ocrx_word' id='word_1_62' title='bbox 1027 1341 1113 1404; x_wconf 81' lang='lat' dir='ltr'>sita</span> <span class='ocrx_word' id='word_1_63' title='bbox 1141 1339 1217 1403; x_wconf 90' lang='lat' dir='ltr'>illa</span> <span class='ocrx_word' id='word_1_64' title='bbox 1244 1339 1380 1416; x_wconf 87' lang='lat' dir='ltr'>beata,</span> <span class='ocrx_word' id='word_1_65' title='bbox 1412 1356 1513 1420; x_wconf 91' lang='lat' dir='ltr'>quae</span> 
     </span>
     <span class='ocr_line' id='line_1_9' title="bbox 285 1446 1514 1531; baseline -0.003 -19"><span class='ocrx_word' id='word_1_66' title='bbox 285 1448 515 1526; x_wconf 79' lang='lat' dir='ltr'>ferebatur,</span> <span class='ocrx_word' id='word_1_67' title='bbox 546 1449 668 1531; x_wconf 88' lang='lat' dir='ltr'>plena</span> <span class='ocrx_word' id='word_1_68' title='bbox 697 1447 948 1512; x_wconf 91' lang='lat' dir='ltr'>Italicarum</span> <span class='ocrx_word' id='word_1_69' title='bbox 972 1446 1374 1530; x_wconf 76' lang='lat' dir='ltr'>Syracusiarumque</span> <span class='ocrx_word' id='word_1_70' title='bbox 1404 1464 1514 1508; x_wconf 88' lang='lat' dir='ltr'>mon-</span> 
     </span>
     <span class='ocr_line' id='line_1_10' title="bbox 285 1553 1513 1639; baseline -0.004 -19"><span class='ocrx_word' id='word_1_71' title='bbox 285 1575 437 1634; x_wconf 89' lang='lat' dir='ltr'>sarum,</span> <span class='ocrx_word' id='word_1_72' title='bbox 463 1557 578 1621; x_wconf 90' lang='lat' dir='ltr'>nullo</span> <span class='ocrx_word' id='word_1_73' title='bbox 607 1556 721 1620; x_wconf 93' lang='lat' dir='ltr'>modo</span> <span class='ocrx_word' id='word_1_74' title='bbox 751 1555 849 1620; x_wconf 90' lang='lat' dir='ltr'>mihi</span> <span class='ocrx_word' id='word_1_75' title='bbox 877 1555 1056 1639; x_wconf 82' lang='lat' dir='ltr'>placuit,</span> <span class='ocrx_word' id='word_1_76' title='bbox 1085 1554 1145 1618; x_wconf 93' lang='lat' dir='ltr'>bis</span> <span class='ocrx_word' id='word_1_77' title='bbox 1175 1553 1215 1617; x_wconf 90' lang='lat' dir='ltr'>in</span> <span class='ocrx_word' id='word_1_78' title='bbox 1239 1553 1302 1617; x_wconf 90' lang='lat' dir='ltr'>die</span> <span class='ocrx_word' id='word_1_79' title='bbox 1326 1553 1513 1616; x_wconf 91' lang='lat' dir='ltr'>saturum</span> 
     </span>
     <span class='ocr_line' id='line_1_11' title="bbox 284 1663 1512 1746; baseline -0.002 -19"><span class='ocrx_word' id='word_1_80' title='bbox 284 1663 381 1727; x_wconf 79' lang='lat' dir='ltr'>ficri</span> <span class='ocrx_word' id='word_1_81' title='bbox 403 1683 476 1728; x_wconf 90' lang='lat' dir='ltr'>nec</span> <span class='ocrx_word' id='word_1_82' title='bbox 498 1682 686 1745; x_wconf 89' lang='lat' dir='ltr'>umquam</span> <span class='ocrx_word' id='word_1_83' title='bbox 709 1665 955 1746; x_wconf 87' lang='lat' dir='ltr'>pernoctare</span> <span class='ocrx_word' id='word_1_84' title='bbox 984 1663 1115 1727; x_wconf 93' lang='lat' dir='ltr'>solum</span> <span class='ocrx_word' id='word_1_85' title='bbox 1143 1663 1381 1742; x_wconf 86' lang='lat' dir='ltr'>ceteraque,</span> <span class='ocrx_word' id='word_1_86' title='bbox 1411 1679 1512 1742; x_wconf 89' lang='lat' dir='ltr'>quae</span> 
     </span>
     <span class='ocr_line' id='line_1_12' title="bbox 285 1767 1513 1852; baseline -0.002 -17"><span class='ocrx_word' id='word_1_87' title='bbox 285 1771 537 1835; x_wconf 91' lang='lat' dir='ltr'>comitantur</span> <span class='ocrx_word' id='word_1_88' title='bbox 559 1771 655 1836; x_wconf 93' lang='lat' dir='ltr'>huic</span> <span class='ocrx_word' id='word_1_89' title='bbox 676 1771 803 1848; x_wconf 82' lang='lat' dir='ltr'>vitae,</span> <span class='ocrx_word' id='word_1_90' title='bbox 826 1771 867 1834; x_wconf 92' lang='lat' dir='ltr'>in</span> <span class='ocrx_word' id='word_1_91' title='bbox 891 1788 967 1851; x_wconf 91' lang='lat' dir='ltr'>qua</span> <span class='ocrx_word' id='word_1_92' title='bbox 991 1769 1154 1852; x_wconf 90' lang='lat' dir='ltr'>sapiens</span> <span class='ocrx_word' id='word_1_93' title='bbox 1177 1787 1291 1834; x_wconf 91' lang='lat' dir='ltr'>nemo</span> <span class='ocrx_word' id='word_1_94' title='bbox 1315 1767 1513 1834; x_wconf 83' lang='lat' dir='ltr'>efficietur</span> 
     </span>
     <span class='ocr_line' id='line_1_13' title="bbox 283 1875 1572 1960; baseline 0.004 -18"><span class='ocrx_word' id='word_1_95' title='bbox 283 1897 489 1960; x_wconf 90' lang='lat' dir='ltr'>umquam,</span> <span class='ocrx_word' id='word_1_96' title='bbox 517 1878 761 1943; x_wconf 87' lang='lat' dir='ltr'>moderatus</span> <span class='ocrx_word' id='word_1_97' title='bbox 790 1895 885 1942; x_wconf 81' lang='lat' dir='ltr'>vcro</span> <span class='ocrx_word' id='word_1_98' title='bbox 914 1877 1044 1941; x_wconf 87' lang='lat' dir='ltr'>multo</span> <span class='ocrx_word' id='word_1_99' title='bbox 1072 1878 1218 1941; x_wconf 91' lang='lat' dir='ltr'>minus.</span> <span class='ocrx_word' id='word_1_100' title='bbox 1265 1875 1374 1956; x_wconf 82' lang='lat' dir='ltr'>Quae</span> <span class='ocrx_word' id='word_1_101' title='bbox 1405 1876 1572 1946; x_wconf 78' lang='lat' dir='ltr'>enimsos</span> 
     </span>
     <span class='ocr_line' id='line_1_14' title="bbox 283 1983 1511 2067; baseline 0 -18"><span class='ocrx_word' id='word_1_102' title='bbox 283 1986 434 2049; x_wconf 91' lang='lat' dir='ltr'>natura</span> <span class='ocrx_word' id='word_1_103' title='bbox 462 1991 543 2050; x_wconf 87' lang='lat' dir='ltr'>tam</span> <span class='ocrx_word' id='word_1_104' title='bbox 571 1985 824 2049; x_wconf 89' lang='lat' dir='ltr'>mirabiliter</span> <span class='ocrx_word' id='word_1_105' title='bbox 847 1985 1071 2067; x_wconf 87' lang='lat' dir='ltr'>temperari</span> <span class='ocrx_word' id='word_1_106' title='bbox 1093 1986 1279 2067; x_wconf 81' lang='lat' dir='ltr'>potest?“</span> <span class='ocrx_word' id='word_1_107' title='bbox 1326 1983 1511 2064; x_wconf 82' lang='lat' dir='ltr'>Quomodo</span> 
     </span>
     <span class='ocr_line' id='line_1_15' title="bbox 283 2091 1512 2174; baseline 0.001 -19"><span class='ocrx_word' id='word_1_108' title='bbox 283 2092 382 2172; x_wconf 87' lang='lat' dir='ltr'>igitur</span> <span class='ocrx_word' id='word_1_109' title='bbox 415 2092 554 2156; x_wconf 90' lang='lat' dir='ltr'>iucunda</span> <span class='ocrx_word' id='word_1_110' title='bbox 587 2092 654 2155; x_wconf 82' lang='lat' dir='ltr'>vita</span> <span class='ocrx_word' id='word_1_111' title='bbox 688 2094 796 2174; x_wconf 89' lang='lat' dir='ltr'>potest</span> <span class='ocrx_word' id='word_1_112' title='bbox 830 2110 916 2168; x_wconf 87' lang='lat' dir='ltr'>esse,</span> <span class='ocrx_word' id='word_1_113' title='bbox 950 2110 969 2155; x_wconf 93' lang='lat' dir='ltr'>a</span> <span class='ocrx_word' id='word_1_114' title='bbox 1001 2110 1066 2172; x_wconf 90' lang='lat' dir='ltr'>qua</span> <span class='ocrx_word' id='word_1_115' title='bbox 1097 2092 1180 2156; x_wconf 87' lang='lat' dir='ltr'>absit</span> <span class='ocrx_word' id='word_1_116' title='bbox 1211 2091 1395 2174; x_wconf 86' lang='lat' dir='ltr'>prudentia,</span> <span class='ocrx_word' id='word_1_117' title='bbox 1428 2093 1512 2156; x_wconf 91' lang='lat' dir='ltr'>absit</span> 
     </span>
     <span class='ocr_line' id='line_1_16' title="bbox 282 2197 1511 2282; baseline 0.002 -21"><span class='ocrx_word' id='word_1_118' title='bbox 282 2198 480 2263; x_wconf 85' lang='lat' dir='ltr'>moderatio?</span> <span class='ocrx_word' id='word_1_119' title='bbox 518 2200 565 2263; x_wconf 82' lang='lat' dir='ltr'>Ex</span> <span class='ocrx_word' id='word_1_120' title='bbox 589 2219 650 2281; x_wconf 91' lang='lat' dir='ltr'>quo</span> <span class='ocrx_word' id='word_1_121' title='bbox 668 2197 898 2281; x_wconf 85' lang='lat' dir='ltr'>Sardanapalli,</span> <span class='ocrx_word' id='word_1_122' title='bbox 922 2199 1153 2281; x_wconf 86' lang='lat' dir='ltr'>opulentissimi</span> <span class='ocrx_word' id='word_1_123' title='bbox 1174 2198 1284 2282; x_wconf 81' lang='lat' dir='ltr'>Syriae</span> <span class='ocrx_word' id='word_1_124' title='bbox 1307 2201 1401 2282; x_wconf 85' lang='lat' dir='ltr'>regis,</span> <span class='ocrx_word' id='word_1_125' title='bbox 1424 2218 1511 2264; x_wconf 87' lang='lat' dir='ltr'>error</span> 
     </span>
     <span class='ocr_line' id='line_1_17' title="bbox 284 2306 981 2389; baseline -0.001 -19"><span class='ocrx_word' id='word_1_126' title='bbox 284 2307 475 2387; x_wconf 82' lang='lat' dir='ltr'>agnoscitur,</span> <span class='ocrx_word' id='word_1_127' title='bbox 499 2307 554 2389; x_wconf 90' lang='lat' dir='ltr'>qui</span> <span class='ocrx_word' id='word_1_128' title='bbox 575 2306 672 2370; x_wconf 92' lang='lat' dir='ltr'>incidi</span> <span class='ocrx_word' id='word_1_129' title='bbox 694 2307 789 2369; x_wconf 91' lang='lat' dir='ltr'>iussit</span> <span class='ocrx_word' id='word_1_130' title='bbox 811 2306 845 2369; x_wconf 93' lang='lat' dir='ltr'>in</span> <span class='ocrx_word' id='word_1_131' title='bbox 867 2306 981 2370; x_wconf 89' lang='lat' dir='ltr'>busto:</span> 
     </span>
    </p>

    <p class='ocr_par' dir='ltr' id='par_1_3' title="bbox 392 2429 1510 2513">
     <span class='ocr_line' id='line_1_18' title="bbox 392 2429 1510 2513; baseline 0.004 -19"><span class='ocrx_word' id='word_1_132' title='bbox 392 2429 500 2496; x_wconf 88' lang='lat' dir='ltr'>Haec</span> <span class='ocrx_word' id='word_1_133' title='bbox 522 2431 661 2508; x_wconf 86' lang='lat' dir='ltr'>habeo,</span> <span class='ocrx_word' id='word_1_134' title='bbox 685 2450 786 2513; x_wconf 90' lang='lat' dir='ltr'>quae</span> <span class='ocrx_word' id='word_1_135' title='bbox 810 2430 888 2507; x_wconf 89' lang='lat' dir='ltr'>edi,</span> <span class='ocrx_word' id='word_1_136' title='bbox 913 2450 1095 2513; x_wconf 90' lang='lat' dir='ltr'>quaeque</span> <span class='ocrx_word' id='word_1_137' title='bbox 1120 2435 1360 2498; x_wconf 83' lang='lat' dir='ltr'>exsaturata</span> <span class='ocrx_word' id='word_1_138' title='bbox 1382 2434 1510 2499; x_wconf 91' lang='lat' dir='ltr'>libido</span> 
     </span>
    </p>

    <p class='ocr_par' dir='ltr' id='par_1_4' title="bbox 393 2537 1510 2622">
     <span class='ocr_line' id='line_1_19' title="bbox 393 2537 1510 2622; baseline 0.005 -22"><span class='ocrx_word' id='word_1_139' title='bbox 393 2537 559 2614; x_wconf 87' lang='lat' dir='ltr'>Hausit;</span> <span class='ocrx_word' id='word_1_140' title='bbox 582 2541 623 2602; x_wconf 90' lang='lat' dir='ltr'>at</span> <span class='ocrx_word' id='word_1_141' title='bbox 645 2539 719 2602; x_wconf 93' lang='lat' dir='ltr'>illa</span> <span class='ocrx_word' id='word_1_142' title='bbox 742 2539 879 2602; x_wconf 90' lang='lat' dir='ltr'>iacent</span> <span class='ocrx_word' id='word_1_143' title='bbox 900 2539 1030 2603; x_wconf 91' lang='lat' dir='ltr'>multa</span> <span class='ocrx_word' id='word_1_144' title='bbox 1054 2540 1093 2603; x_wconf 92' lang='lat' dir='ltr'>et</span> <span class='ocrx_word' id='word_1_145' title='bbox 1115 2540 1329 2622; x_wconf 89' lang='lat' dir='ltr'>praeclara</span> <span class='ocrx_word' id='word_1_146' title='bbox 1352 2542 1510 2608; x_wconf 88' lang='lat' dir='ltr'>relicta.</span> 
     </span>
    </p>
   </div>
   <div class='ocr_carea' id='block_1_3' title="bbox 271 2785 1509 4643">
    <p class='ocr_par' dir='ltr' id='par_1_5' title="bbox 276 2785 1509 4015">
     <span class='ocr_line' id='line_1_20' title="bbox 281 2785 1509 2858; baseline 0.005 -18"><span class='ocrx_word' id='word_1_147' title='bbox 281 2788 368 2856; x_wconf 85' lang='lat' dir='ltr'>dung;</span> <span class='ocrx_word' id='word_1_148' title='bbox 387 2803 409 2840; x_wconf 91' lang='lat' dir='ltr'>s.</span> <span class='ocrx_word' id='word_1_149' title='bbox 428 2787 518 2856; x_wconf 91' lang='lat' dir='ltr'>Nepos</span> <span class='ocrx_word' id='word_1_150' title='bbox 535 2786 687 2841; x_wconf 79' lang='lat' dir='ltr'>Timotheus</span> <span class='ocrx_word' id='word_1_151' title='bbox 706 2802 728 2840; x_wconf 89' lang='lat' dir='ltr'>c.</span> <span class='ocrx_word' id='word_1_152' title='bbox 748 2789 772 2841; x_wconf 93' lang='grc'>1.</span> <span class='ocrx_word' id='word_1_153' title='bbox 793 2818 826 2825; x_wconf 93' lang='grc'>-</span> <span class='ocrx_word' id='word_1_154' title='bbox 849 2785 883 2839; x_wconf 79' lang='lat' dir='ltr'>ia</span> <span class='ocrx_word' id='word_1_155' title='bbox 896 2786 1065 2856; x_wconf 78' lang='lat' dir='ltr'>praeseutia]</span> <span class='ocrx_word' id='word_1_156' title='bbox 1085 2788 1154 2855; x_wconf 80' lang='lat' dir='ltr'>„fiir</span> <span class='ocrx_word' id='word_1_157' title='bbox 1171 2788 1224 2841; x_wconf 89' lang='lat' dir='ltr'>den</span> <span class='ocrx_word' id='word_1_158' title='bbox 1241 2789 1442 2858; x_wconf 79' lang='lat' dir='ltr'>Augenbliok“;</span> <span class='ocrx_word' id='word_1_159' title='bbox 1462 2791 1509 2846; x_wconf 89' lang='lat' dir='ltr'>das</span> 
     </span>
     <span class='ocr_line' id='line_1_21' title="bbox 281 2875 1509 2949; baseline 0.003 -19"><span class='ocrx_word' id='word_1_160' title='bbox 281 2876 368 2931; x_wconf 87' lang='lat' dir='ltr'>Subst.</span> <span class='ocrx_word' id='word_1_161' title='bbox 383 2878 467 2931; x_wconf 79' lang='lat' dir='ltr'>ditcrs</span> <span class='ocrx_word' id='word_1_162' title='bbox 480 2892 509 2930; x_wconf 90' lang='lat' dir='ltr'>so</span> <span class='ocrx_word' id='word_1_163' title='bbox 522 2875 676 2946; x_wconf 86' lang='lat' dir='ltr'>gebraucht.</span> <span class='ocrx_word' id='word_1_164' title='bbox 691 2906 726 2915; x_wconf 90' lang='lat'>—</span> <span class='ocrx_word' id='word_1_165' title='bbox 744 2881 831 2929; x_wconf 74' lang='lat' dir='ltr'>maaca</span> <span class='ocrx_word' id='word_1_166' title='bbox 848 2880 916 2929; x_wconf 82' lang='lat' dir='ltr'>racto</span> <span class='ocrx_word' id='word_1_167' title='bbox 933 2876 987 2946; x_wconf 82' lang='lat' dir='ltr'>uta]</span> <span class='ocrx_word' id='word_1_168' title='bbox 1006 2876 1071 2930; x_wconf 90' lang='lat' dir='ltr'>Hor.</span> <span class='ocrx_word' id='word_1_169' title='bbox 1087 2878 1134 2931; x_wconf 89' lang='lat' dir='ltr'>sat.</span> <span class='ocrx_word' id='word_1_170' title='bbox 1149 2877 1186 2946; x_wconf 81' lang='grc' dir='ltr'>Π,</span> <span class='ocrx_word' id='word_1_171' title='bbox 1200 2880 1226 2945; x_wconf 79' lang='grc'>2,</span> <span class='ocrx_word' id='word_1_172' title='bbox 1242 2880 1289 2933; x_wconf 82' lang='lat'>77:</span> <span class='ocrx_word' id='word_1_173' title='bbox 1310 2878 1398 2947; x_wconf 82' lang='lat' dir='ltr'>„Quin</span> <span class='ocrx_word' id='word_1_174' title='bbox 1413 2896 1509 2949; x_wconf 89' lang='lat' dir='ltr'>corpus</span> 
     </span>
     <span class='ocr_line' id='line_1_22' title="bbox 281 2964 1508 3037; baseline 0.004 -19"><span class='ocrx_word' id='word_1_175' title='bbox 281 2968 405 3019; x_wconf 85' lang='lat' dir='ltr'>onustum</span> <span class='ocrx_word' id='word_1_176' title='bbox 421 2966 573 3035; x_wconf 72' lang='lat' dir='ltr'>{hesternis</span> <span class='ocrx_word' id='word_1_177' title='bbox 591 2964 663 3019; x_wconf 87' lang='lat' dir='ltr'>vitiis</span> <span class='ocrx_word' id='word_1_178' title='bbox 682 2965 801 3019; x_wconf 86' lang='lat' dir='ltr'>animum</span> <span class='ocrx_word' id='word_1_179' title='bbox 820 2982 924 3035; x_wconf 91' lang='lat' dir='ltr'>quoque</span> <span class='ocrx_word' id='word_1_180' title='bbox 944 2968 1102 3035; x_wconf 84' lang='lat' dir='ltr'>praegravat</span> <span class='ocrx_word' id='word_1_181' title='bbox 1119 2983 1180 3036; x_wconf 79' lang='lat' dir='ltr'>una,</span> <span class='ocrx_word' id='word_1_182' title='bbox 1197 2966 1201 3037; x_wconf 88' lang='grc' dir='ltr'>Ι</span> <span class='ocrx_word' id='word_1_183' title='bbox 1217 2969 1296 3036; x_wconf 87' lang='lat' dir='ltr'>atque</span> <span class='ocrx_word' id='word_1_184' title='bbox 1315 2968 1409 3037; x_wconf 84' lang='lat' dir='ltr'>adfigit</span> <span class='ocrx_word' id='word_1_185' title='bbox 1426 2968 1508 3024; x_wconf 90' lang='lat' dir='ltr'>humo</span> 
     </span>
     <span class='ocr_line' id='line_1_23' title="bbox 280 3054 1508 3124; baseline 0.005 -17"><span class='ocrx_word' id='word_1_186' title='bbox 280 3055 385 3109; x_wconf 87' lang='lat' dir='ltr'>divinae</span> <span class='ocrx_word' id='word_1_187' title='bbox 404 3055 562 3124; x_wconf 87' lang='lat' dir='ltr'>particulam</span> <span class='ocrx_word' id='word_1_188' title='bbox 580 3058 687 3109; x_wconf 81' lang='lat' dir='ltr'>aurae.“</span> <span class='ocrx_word' id='word_1_189' title='bbox 706 3086 741 3094; x_wconf 95' lang='lat'>-</span> <span class='ocrx_word' id='word_1_190' title='bbox 765 3054 893 3124; x_wconf 79' lang='lat' dir='ltr'>epistula]</span> <span class='ocrx_word' id='word_1_191' title='bbox 919 3055 968 3109; x_wconf 92' lang='lat' dir='ltr'>der</span> <span class='ocrx_word' id='word_1_192' title='bbox 986 3055 1101 3109; x_wconf 88' lang='lat' dir='ltr'>unechtc</span> <span class='ocrx_word' id='word_1_193' title='bbox 1121 3057 1145 3110; x_wconf 79' lang='lat'>7.</span> <span class='ocrx_word' id='word_1_194' title='bbox 1166 3056 1242 3109; x_wconf 82' lang='lat' dir='ltr'>Briei</span> <span class='ocrx_word' id='word_1_195' title='bbox 1259 3059 1339 3111; x_wconf 88' lang='lat' dir='ltr'>unter</span> <span class='ocrx_word' id='word_1_196' title='bbox 1357 3057 1409 3111; x_wconf 92' lang='lat' dir='ltr'>den</span> <span class='ocrx_word' id='word_1_197' title='bbox 1428 3059 1508 3113; x_wconf 82' lang='lat' dir='ltr'>zwdli</span> 
     </span>
     <span class='ocr_line' id='line_1_24' title="bbox 279 3143 1508 3213; baseline 0.003 -15"><span class='ocrx_word' id='word_1_198' title='bbox 279 3144 355 3198; x_wconf 85' lang='lat' dir='ltr'>Plato</span> <span class='ocrx_word' id='word_1_199' title='bbox 374 3144 616 3213; x_wconf 85' lang='lat' dir='ltr'>zugcschriebenen</span> <span class='ocrx_word' id='word_1_200' title='bbox 630 3143 748 3197; x_wconf 83' lang='lat' dir='ltr'>Briefen.</span> <span class='ocrx_word' id='word_1_201' title='bbox 768 3174 802 3183; x_wconf 95' lang='lat'>-</span> <span class='ocrx_word' id='word_1_202' title='bbox 821 3161 872 3212; x_wconf 85' lang='lat' dir='ltr'>qua</span> <span class='ocrx_word' id='word_1_203' title='bbox 891 3160 954 3197; x_wconf 88' lang='lat' dir='ltr'>cum</span> <span class='ocrx_word' id='word_1_204' title='bbox 971 3143 1116 3213; x_wconf 74' lang='lat' dir='ltr'>caruissem]</span> <span class='ocrx_word' id='word_1_205' title='bbox 1135 3146 1183 3199; x_wconf 80' lang='lat' dir='ltr'>aui</span> <span class='ocrx_word' id='word_1_206' title='bbox 1200 3146 1248 3199; x_wconf 90' lang='lat' dir='ltr'>der</span> <span class='ocrx_word' id='word_1_207' title='bbox 1261 3149 1350 3199; x_wconf 88' lang='lat' dir='ltr'>ersten</span> <span class='ocrx_word' id='word_1_208' title='bbox 1364 3146 1443 3201; x_wconf 86' lang='lat' dir='ltr'>Reise</span> <span class='ocrx_word' id='word_1_209' title='bbox 1461 3164 1508 3201; x_wconf 92' lang='lat' dir='ltr'>um</span> 
     </span>
     <span class='ocr_line' id='line_1_25' title="bbox 278 3231 1506 3305; baseline 0.001 -17"><span class='ocrx_word' id='word_1_210' title='bbox 278 3234 332 3288; x_wconf 86' lang='lat'>388</span> <span class='ocrx_word' id='word_1_211' title='bbox 347 3250 371 3285; x_wconf 83' lang='lat' dir='ltr'>V.</span> <span class='ocrx_word' id='word_1_212' title='bbox 382 3232 443 3288; x_wconf 80' lang='lat' dir='ltr'>Chr.</span> <span class='ocrx_word' id='word_1_213' title='bbox 458 3236 490 3299; x_wconf 74' lang='lat' dir='ltr'>(s,</span> <span class='ocrx_word' id='word_1_214' title='bbox 504 3232 582 3288; x_wconf 85' lang='lat' dir='ltr'>corn.</span> <span class='ocrx_word' id='word_1_215' title='bbox 596 3232 686 3300; x_wconf 89' lang='lat' dir='ltr'>Nepos</span> <span class='ocrx_word' id='word_1_216' title='bbox 698 3232 750 3285; x_wconf 90' lang='lat' dir='ltr'>Dio</span> <span class='ocrx_word' id='word_1_217' title='bbox 764 3249 786 3285; x_wconf 89' lang='lat' dir='ltr'>c.</span> <span class='ocrx_word' id='word_1_218' title='bbox 800 3235 836 3299; x_wconf 85' lang='lat'>3).</span> <span class='ocrx_word' id='word_1_219' title='bbox 865 3232 922 3286; x_wconf 89' lang='lat' dir='ltr'>Der</span> <span class='ocrx_word' id='word_1_220' title='bbox 934 3231 1076 3301; x_wconf 81' lang='lat' dir='ltr'>Schwagcr</span> <span class='ocrx_word' id='word_1_221' title='bbox 1089 3233 1136 3287; x_wconf 89' lang='lat' dir='ltr'>des</span> <span class='ocrx_word' id='word_1_222' title='bbox 1150 3233 1251 3303; x_wconf 78' lang='lat' dir='ltr'>Konigs</span> <span class='ocrx_word' id='word_1_223' title='bbox 1264 3234 1413 3303; x_wconf 85' lang='lat' dir='ltr'>Dionysias,</span> <span class='ocrx_word' id='word_1_224' title='bbox 1428 3236 1506 3305; x_wconf 84' lang='lat' dir='ltr'>Dion,</span> 
     </span>
     <span class='ocr_line' id='line_1_26' title="bbox 278 3321 1505 3397; baseline 0.005 -23"><span class='ocrx_word' id='word_1_225' title='bbox 278 3338 335 3374; x_wconf 86' lang='lat' dir='ltr'>war</span> <span class='ocrx_word' id='word_1_226' title='bbox 348 3322 392 3374; x_wconf 91' lang='lat' dir='ltr'>ein</span> <span class='ocrx_word' id='word_1_227' title='bbox 404 3321 554 3391; x_wconf 85' lang='lat' dir='ltr'>gliihendcr</span> <span class='ocrx_word' id='word_1_228' title='bbox 566 3321 702 3375; x_wconf 87' lang='lat' dir='ltr'>Verehrer</span> <span class='ocrx_word' id='word_1_229' title='bbox 715 3321 813 3376; x_wconf 82' lang='lat' dir='ltr'>Platos</span> <span class='ocrx_word' id='word_1_230' title='bbox 829 3353 862 3362; x_wconf 98' lang='lat'><em>-</em></span> <span class='ocrx_word' id='word_1_231' title='bbox 880 3322 1044 3376; x_wconf 79' lang='lat' dir='ltr'>Italicarum</span> <span class='ocrx_word' id='word_1_232' title='bbox 1059 3322 1324 3393; x_wconf 76' lang='lat' dir='ltr'>Syracusiarumque</span> <span class='ocrx_word' id='word_1_233' title='bbox 1336 3329 1505 3397; x_wconf 70' lang='lat' dir='ltr'>cuasarum]</span> 
     </span>
     <span class='ocr_line' id='line_1_27' title="bbox 278 3410 1505 3483; baseline 0.006 -20"><span class='ocrx_word' id='word_1_234' title='bbox 278 3411 329 3463; x_wconf 87' lang='lat' dir='ltr'>Die</span> <span class='ocrx_word' id='word_1_235' title='bbox 342 3411 424 3479; x_wconf 83' lang='lat' dir='ltr'>dapes</span> <span class='ocrx_word' id='word_1_236' title='bbox 440 3411 550 3464; x_wconf 68' lang='lat' dir='ltr'>Simiae</span> <span class='ocrx_word' id='word_1_237' title='bbox 562 3427 653 3463; x_wconf 86' lang='lat' dir='ltr'>waren</span> <span class='ocrx_word' id='word_1_238' title='bbox 667 3410 710 3464; x_wconf 93' lang='lat' dir='ltr'>bei</span> <span class='ocrx_word' id='word_1_239' title='bbox 723 3411 776 3464; x_wconf 88' lang='lat' dir='ltr'>den</span> <span class='ocrx_word' id='word_1_240' title='bbox 789 3411 905 3466; x_wconf 78' lang='lat' dir='ltr'>Rdmem</span> <span class='ocrx_word' id='word_1_241' title='bbox 920 3411 1139 3481; x_wconf 78' lang='lat' dir='ltr'>sprichwdrtlioh,</span> <span class='ocrx_word' id='word_1_242' title='bbox 1158 3428 1179 3466; x_wconf 88' lang='lat' dir='ltr'>s.</span> <span class='ocrx_word' id='word_1_243' title='bbox 1190 3413 1254 3467; x_wconf 91' lang='lat' dir='ltr'>Hor.</span> <span class='ocrx_word' id='word_1_244' title='bbox 1265 3429 1345 3467; x_wconf 89' lang='lat' dir='ltr'>carm.</span> <span class='ocrx_word' id='word_1_245' title='bbox 1356 3414 1406 3483; x_wconf 85' lang='lat' dir='ltr'>HI,</span> <span class='ocrx_word' id='word_1_246' title='bbox 1422 3418 1447 3483; x_wconf 88' lang='lat'>1,</span> <span class='ocrx_word' id='word_1_247' title='bbox 1462 3419 1505 3472; x_wconf 87' lang='grc'>18.</span> 
     </span>
     <span class='ocr_line' id='line_1_28' title="bbox 277 3499 1505 3574; baseline 0.003 -22"><span class='ocrx_word' id='word_1_248' title='bbox 277 3499 339 3552; x_wconf 91' lang='lat' dir='ltr'>Den</span> <span class='ocrx_word' id='word_1_249' title='bbox 353 3499 538 3567; x_wconf 84' lang='lat' dir='ltr'>griechischen</span> <span class='ocrx_word' id='word_1_250' title='bbox 551 3500 666 3553; x_wconf 73' lang='lat' dir='ltr'>llormcn</span> <span class='ocrx_word' id='word_1_251' title='bbox 675 3504 865 3573; x_wconf 85' lang='grc' dir='ltr'><strong><em>Συρακούσιος</em></strong></span> <span class='ocrx_word' id='word_1_252' title='bbox 878 3500 943 3553; x_wconf 90' lang='lat' dir='ltr'>oder</span> <span class='ocrx_word' id='word_1_253' title='bbox 955 3502 1168 3574; x_wconf 82' lang='grc' dir='ltr'><strong><em>Σι·ρακό(σ)οιος</em></strong></span> <span class='ocrx_word' id='word_1_254' title='bbox 1182 3502 1358 3570; x_wconf 89' lang='lat' dir='ltr'>cntsprcchcn</span> <span class='ocrx_word' id='word_1_255' title='bbox 1372 3503 1415 3558; x_wconf 90' lang='lat' dir='ltr'>die</span> <span class='ocrx_word' id='word_1_256' title='bbox 1428 3503 1505 3559; x_wconf 88' lang='lat' dir='ltr'>latei-</span> 
     </span>
     <span class='ocr_line' id='line_1_29' title="bbox 277 3587 1506 3658; baseline 0.005 -18"><span class='ocrx_word' id='word_1_257' title='bbox 277 3587 389 3641; x_wconf 89' lang='lat' dir='ltr'>nischen</span> <span class='ocrx_word' id='word_1_258' title='bbox 403 3588 569 3657; x_wconf 77' lang='lat' dir='ltr'>Syracusius</span> <span class='ocrx_word' id='word_1_259' title='bbox 583 3588 647 3641; x_wconf 87' lang='lat' dir='ltr'>oder</span> <span class='ocrx_word' id='word_1_260' title='bbox 662 3588 831 3657; x_wconf 73' lang='lat' dir='ltr'>Syracosius</span> <span class='ocrx_word' id='word_1_261' title='bbox 846 3619 880 3628; x_wconf 92' lang='lat'><em>-</em></span> <span class='ocrx_word' id='word_1_262' title='bbox 900 3589 943 3642; x_wconf 83' lang='lat' dir='ltr'>bc&#39;s</span> <span class='ocrx_word' id='word_1_263' title='bbox 961 3588 994 3642; x_wconf 85' lang='lat' dir='ltr'>a&#39;u</span> <span class='ocrx_word' id='word_1_264' title='bbox 1006 3589 1059 3658; x_wconf 71' lang='lat' dir='ltr'>aa]</span> <span class='ocrx_word' id='word_1_265' title='bbox 1079 3590 1134 3644; x_wconf 90' lang='lat' dir='ltr'>Das</span> <span class='ocrx_word' id='word_1_266' title='bbox 1147 3590 1298 3644; x_wconf 81' lang='lat' dir='ltr'>Friihstiiol</span> <span class='ocrx_word' id='word_1_267' title='bbox 1312 3592 1361 3646; x_wconf 88' lang='lat' dir='ltr'>der</span> <span class='ocrx_word' id='word_1_268' title='bbox 1373 3592 1506 3647; x_wconf 75' lang='lat' dir='ltr'>Grieahon</span> 
     </span>
     <span class='ocr_line' id='line_1_30' title="bbox 278 3678 1505 3751; baseline 0.004 -19"><span class='ocrx_word' id='word_1_269' title='bbox 278 3684 403 3751; x_wconf 78' lang='grc' dir='ltr'><strong><em>ἄριστον,</em></strong></span> <span class='ocrx_word' id='word_1_270' title='bbox 425 3682 614 3751; x_wconf 74' lang='grc' dir='ltr'><strong><em>μεσήμβρονον</em></strong></span> <span class='ocrx_word' id='word_1_271' title='bbox 632 3678 740 3747; x_wconf 83' lang='lat' dir='ltr'>(lauch)</span> <span class='ocrx_word' id='word_1_272' title='bbox 759 3678 828 3732; x_wconf 89' lang='lat' dir='ltr'>nach</span> <span class='ocrx_word' id='word_1_273' title='bbox 847 3679 900 3731; x_wconf 89' lang='lat' dir='ltr'>den</span> <span class='ocrx_word' id='word_1_274' title='bbox 920 3678 1124 3748; x_wconf 74' lang='lat' dir='ltr'>vormittdgigcn</span> <span class='ocrx_word' id='word_1_275' title='bbox 1143 3680 1306 3735; x_wconf 74' lang='lat' dir='ltr'>Gcschaften</span> <span class='ocrx_word' id='word_1_276' title='bbox 1324 3698 1380 3735; x_wconf 86' lang='lat' dir='ltr'>war</span> <span class='ocrx_word' id='word_1_277' title='bbox 1398 3682 1505 3737; x_wconf 70' lang='lat' dir='ltr'>ciriach</span> 
     </span>
     <span class='ocr_line' id='line_1_31' title="bbox 276 3765 1505 3841; baseline 0.003 -22"><span class='ocrx_word' id='word_1_278' title='bbox 276 3765 332 3819; x_wconf 90' lang='lat' dir='ltr'>und</span> <span class='ocrx_word' id='word_1_279' title='bbox 349 3767 441 3819; x_wconf 87' lang='lat' dir='ltr'>wurde</span> <span class='ocrx_word' id='word_1_280' title='bbox 460 3767 554 3819; x_wconf 82' lang='lat' dir='ltr'>audem</span> <span class='ocrx_word' id='word_1_281' title='bbox 573 3766 649 3819; x_wconf 87' lang='lat' dir='ltr'>nicht</span> <span class='ocrx_word' id='word_1_282' title='bbox 666 3782 719 3820; x_wconf 87' lang='lat' dir='ltr'>von</span> <span class='ocrx_word' id='word_1_283' title='bbox 738 3766 808 3820; x_wconf 85' lang='lat' dir='ltr'>allen</span> <span class='ocrx_word' id='word_1_284' title='bbox 826 3767 996 3837; x_wconf 79' lang='lat' dir='ltr'>rcgclmtilsig</span> <span class='ocrx_word' id='word_1_285' title='bbox 1009 3769 1220 3837; x_wconf 89' lang='lat' dir='ltr'>eingcnommen.</span> <span class='ocrx_word' id='word_1_286' title='bbox 1248 3770 1315 3824; x_wconf 81' lang='lat' dir='ltr'>llius</span> <span class='ocrx_word' id='word_1_287' title='bbox 1329 3770 1505 3841; x_wconf 82' lang='lat' dir='ltr'>Schildcrung</span> 
     </span>
     <span class='ocr_line' id='line_1_32' title="bbox 277 3855 1504 3930; baseline 0.006 -23"><span class='ocrx_word' id='word_1_288' title='bbox 277 3855 326 3908; x_wconf 88' lang='lat' dir='ltr'>der</span> <span class='ocrx_word' id='word_1_289' title='bbox 344 3857 431 3923; x_wconf 81' lang='lat' dir='ltr'>„asoti</span> <span class='ocrx_word' id='word_1_290' title='bbox 450 3859 571 3925; x_wconf 71' lang='lat' dir='ltr'>(acatos,</span> <span class='ocrx_word' id='word_1_291' title='bbox 590 3855 778 3925; x_wconf 86' lang='lat' dir='ltr'>Schlemmcr),</span> <span class='ocrx_word' id='word_1_292' title='bbox 797 3856 843 3925; x_wconf 90' lang='lat' dir='ltr'>qui</span> <span class='ocrx_word' id='word_1_293' title='bbox 861 3856 959 3924; x_wconf 90' lang='lat' dir='ltr'>solem,</span> <span class='ocrx_word' id='word_1_294' title='bbox 978 3859 1009 3910; x_wconf 88' lang='lat' dir='ltr'>ut</span> <span class='ocrx_word' id='word_1_295' title='bbox 1027 3858 1115 3927; x_wconf 86' lang='lat' dir='ltr'>aiunt,</span> <span class='ocrx_word' id='word_1_296' title='bbox 1133 3875 1184 3912; x_wconf 89' lang='lat' dir='ltr'>nco</span> <span class='ocrx_word' id='word_1_297' title='bbox 1203 3859 1366 3913; x_wconf 89' lang='lat' dir='ltr'>occidentem</span> <span class='ocrx_word' id='word_1_298' title='bbox 1386 3877 1504 3930; x_wconf 90' lang='lat' dir='ltr'>unquam</span> 
     </span>
     <span class='ocr_line' id='line_1_33' title="bbox 277 3944 1061 4015; baseline 0.004 -18"><span class='ocrx_word' id='word_1_299' title='bbox 277 3944 392 3998; x_wconf 86' lang='lat' dir='ltr'>viderint</span> <span class='ocrx_word' id='word_1_300' title='bbox 409 3962 460 3999; x_wconf 86' lang='lat' dir='ltr'>nec</span> <span class='ocrx_word' id='word_1_301' title='bbox 478 3946 639 4013; x_wconf 83' lang='lat' dir='ltr'>orientem“,</span> <span class='ocrx_word' id='word_1_302' title='bbox 657 3945 714 4014; x_wconf 86' lang='lat' dir='ltr'>gibt</span> <span class='ocrx_word' id='word_1_303' title='bbox 732 3946 825 4001; x_wconf 81' lang='lat' dir='ltr'>Cicero</span> <span class='ocrx_word' id='word_1_304' title='bbox 843 3947 877 4000; x_wconf 93' lang='lat' dir='ltr'>de</span> <span class='ocrx_word' id='word_1_305' title='bbox 896 3948 945 3999; x_wconf 82' lang='lat' dir='ltr'>tin.</span> <span class='ocrx_word' id='word_1_306' title='bbox 964 3948 1000 4015; x_wconf 89' lang='lat' dir='ltr'>H,</span> <span class='ocrx_word' id='word_1_307' title='bbox 1019 3949 1061 4003; x_wconf 83' lang='lat'>23.</span> 
     </span>
    </p>

    <p class='ocr_par' dir='ltr' id='par_1_6' title="bbox 271 4034 1503 4465">
     <span class='ocr_line' id='line_1_34' title="bbox 352 4034 1503 4109; baseline 0.004 -21"><span class='ocrx_word' id='word_1_308' title='bbox 352 4047 409 4089; x_wconf 76' lang='lat' dir='ltr'>rol.</span> <span class='ocrx_word' id='word_1_309' title='bbox 435 4034 643 4104; x_wconf 65' lang='lat' dir='ltr'>Sardanapalli]</span> <span class='ocrx_word' id='word_1_310' title='bbox 669 4037 921 4109; x_wconf 75' lang='grc' dir='ltr'><strong><em>Σαρδανάπαλλος,</em></strong></span> <span class='ocrx_word' id='word_1_311' title='bbox 945 4036 1206 4105; x_wconf 84' lang='lat' dir='ltr'>Asohschurbanipal</span> <span class='ocrx_word' id='word_1_312' title='bbox 1226 4040 1380 4106; x_wconf 80' lang='lat' dir='ltr'>coe-626,</span> <span class='ocrx_word' id='word_1_313' title='bbox 1404 4039 1440 4092; x_wconf 87' lang='lat' dir='ltr'>ist</span> <span class='ocrx_word' id='word_1_314' title='bbox 1457 4056 1503 4108; x_wconf 86' lang='lat' dir='ltr'>ge-</span> 
     </span>
     <span class='ocr_line' id='line_1_35' title="bbox 275 4121 1502 4194; baseline 0.005 -19"><span class='ocrx_word' id='word_1_315' title='bbox 275 4121 434 4175; x_wconf 87' lang='lat' dir='ltr'>schichtlich</span> <span class='ocrx_word' id='word_1_316' title='bbox 457 4123 501 4176; x_wconf 90' lang='lat' dir='ltr'>eiu</span> <span class='ocrx_word' id='word_1_317' title='bbox 519 4124 674 4185; x_wconf 82' lang='lat' dir='ltr'>namhatter</span> <span class='ocrx_word' id='word_1_318' title='bbox 689 4125 822 4179; x_wconf 82' lang='lat' dir='ltr'>Eroberer</span> <span class='ocrx_word' id='word_1_319' title='bbox 839 4124 930 4194; x_wconf 85' lang='lat' dir='ltr'>(Susa,</span> <span class='ocrx_word' id='word_1_320' title='bbox 950 4125 1074 4193; x_wconf 84' lang='lat' dir='ltr'>Araber),</span> <span class='ocrx_word' id='word_1_321' title='bbox 1100 4125 1144 4179; x_wconf 89' lang='lat' dir='ltr'>ein</span> <span class='ocrx_word' id='word_1_322' title='bbox 1166 4126 1298 4181; x_wconf 78' lang='lat' dir='ltr'>Fdrdercr</span> <span class='ocrx_word' id='word_1_323' title='bbox 1315 4128 1363 4181; x_wconf 88' lang='lat' dir='ltr'>der</span> <span class='ocrx_word' id='word_1_324' title='bbox 1381 4128 1502 4182; x_wconf 85' lang='lat' dir='ltr'>Wissen·</span> 
     </span>
     <span class='ocr_line' id='line_1_36' title="bbox 274 4210 1501 4287; baseline 0.003 -22"><span class='ocrx_word' id='word_1_325' title='bbox 274 4210 398 4265; x_wconf 86' lang='lat' dir='ltr'>sohaftcn</span> <span class='ocrx_word' id='word_1_326' title='bbox 413 4211 580 4280; x_wconf 80' lang='lat' dir='ltr'>(Bibliothel)</span> <span class='ocrx_word' id='word_1_327' title='bbox 594 4214 650 4267; x_wconf 92' lang='lat' dir='ltr'>und</span> <span class='ocrx_word' id='word_1_328' title='bbox 664 4214 752 4267; x_wconf 88' lang='lat' dir='ltr'>Kunst</span> <span class='ocrx_word' id='word_1_329' title='bbox 766 4214 891 4284; x_wconf 83' lang='lat' dir='ltr'>(Bauten)</span> <span class='ocrx_word' id='word_1_330' title='bbox 905 4215 960 4268; x_wconf 88' lang='lat' dir='ltr'>und</span> <span class='ocrx_word' id='word_1_331' title='bbox 974 4214 1017 4268; x_wconf 87' lang='lat' dir='ltr'>ein</span> <span class='ocrx_word' id='word_1_332' title='bbox 1032 4215 1137 4269; x_wconf 83' lang='lat' dir='ltr'>kiihner</span> <span class='ocrx_word' id='word_1_333' title='bbox 1150 4216 1319 4271; x_wconf 87' lang='lat' dir='ltr'>Weidmaun.</span> <span class='ocrx_word' id='word_1_334' title='bbox 1339 4248 1373 4255; x_wconf 96' lang='lat'>-</span> <span class='ocrx_word' id='word_1_335' title='bbox 1393 4216 1501 4287; x_wconf 74' lang='lat' dir='ltr'>Syriae]</span> 
     </span>
     <span class='ocr_line' id='line_1_37' title="bbox 274 4300 1500 4374; baseline 0.007 -22"><span class='ocrx_word' id='word_1_336' title='bbox 274 4300 300 4352; x_wconf 93' lang='lat' dir='ltr'>d.</span> <span class='ocrx_word' id='word_1_337' title='bbox 319 4300 336 4353; x_wconf 93' lang='lat' dir='ltr'>i.</span> <span class='ocrx_word' id='word_1_338' title='bbox 355 4301 494 4371; x_wconf 61' lang='lat' dir='ltr'>Assyria,</span> <span class='ocrx_word' id='word_1_339' title='bbox 514 4302 589 4355; x_wconf 90' lang='lat' dir='ltr'>beide</span> <span class='ocrx_word' id='word_1_340' title='bbox 607 4303 717 4356; x_wconf 86' lang='lat' dir='ltr'>werden</span> <span class='ocrx_word' id='word_1_341' title='bbox 735 4304 775 4356; x_wconf 78' lang='lat' dir='ltr'>oc</span> <span class='ocrx_word' id='word_1_342' title='bbox 792 4303 954 4357; x_wconf 87' lang='lat' dir='ltr'>vertauscht.</span> <span class='ocrx_word' id='word_1_343' title='bbox 974 4335 1008 4343; x_wconf 92' lang='lat'><em>-</em></span> <span class='ocrx_word' id='word_1_344' title='bbox 1033 4304 1067 4357; x_wconf 69' lang='grc' dir='ltr'>αα</span> <span class='ocrx_word' id='word_1_345' title='bbox 1084 4305 1169 4374; x_wconf 82' lang='lat' dir='ltr'>busta]</span> <span class='ocrx_word' id='word_1_346' title='bbox 1196 4304 1304 4359; x_wconf 69' lang='lat' dir='ltr'>aarum</span> <span class='ocrx_word' id='word_1_347' title='bbox 1323 4305 1500 4374; x_wconf 76' lang='lat' dir='ltr'>„Grabmal“,</span> 
     </span>
     <span class='ocr_line' id='line_1_38' title="bbox 271 4391 1390 4465; baseline 0.005 -22"><span class='ocrx_word' id='word_1_348' title='bbox 271 4401 378 4465; x_wconf 71' lang='grc' dir='ltr'><strong><em>μνῆμα.</em></strong></span> <span class='ocrx_word' id='word_1_349' title='bbox 397 4422 432 4431; x_wconf 93' lang='grc'><strong>-</strong></span> <span class='ocrx_word' id='word_1_350' title='bbox 450 4391 525 4445; x_wconf 79' lang='lat' dir='ltr'>Haec</span> <span class='ocrx_word' id='word_1_351' title='bbox 541 4392 633 4461; x_wconf 78' lang='lat' dir='ltr'>habco]</span> <span class='ocrx_word' id='word_1_352' title='bbox 652 4392 695 4446; x_wconf 86' lang='lat' dir='ltr'>bei</span> <span class='ocrx_word' id='word_1_353' title='bbox 713 4393 869 4447; x_wconf 87' lang='lat' dir='ltr'>Athenaeus</span> <span class='ocrx_word' id='word_1_354' title='bbox 888 4393 964 4460; x_wconf 87' lang='lat' dir='ltr'>VIII,</span> <span class='ocrx_word' id='word_1_355' title='bbox 983 4411 1008 4462; x_wconf 88' lang='lat' dir='ltr'>p.</span> <span class='ocrx_word' id='word_1_356' title='bbox 1027 4396 1107 4451; x_wconf 77' lang='lat' dir='ltr'>336n</span> <span class='ocrx_word' id='word_1_357' title='bbox 1124 4394 1194 4448; x_wconf 87' lang='lat' dir='ltr'>nach</span> <span class='ocrx_word' id='word_1_358' title='bbox 1212 4394 1390 4463; x_wconf 79' lang='lat' dir='ltr'>Chrysippus:</span> 
     </span>
    </p>

    <p class='ocr_par' dir='ltr' id='par_1_7' title="bbox 381 4478 1448 4643">
     <span class='ocr_line' id='line_1_39' title="bbox 381 4478 1193 4557; baseline 0.005 -22"><span class='ocrx_word' id='word_1_359' title='bbox 381 4478 460 4536; x_wconf 71' lang='lat' dir='ltr'>Kaiu’</span> <span class='ocrx_word' id='word_1_360' title='bbox 477 4484 531 4553; x_wconf 76' lang='grc' dir='ltr'>ἔχω</span> <span class='ocrx_word' id='word_1_361' title='bbox 549 4478 614 4536; x_wconf 61' lang='grc' dir='ltr'>ὃσδ’</span> <span class='ocrx_word' id='word_1_362' title='bbox 632 4485 740 4555; x_wconf 72' lang='grc' dir='ltr'><strong><em>ἔφαγον</em></strong></span> <span class='ocrx_word' id='word_1_363' title='bbox 756 4488 804 4537; x_wconf 80' lang='grc' dir='ltr'>καὶ</span> <span class='ocrx_word' id='word_1_364' title='bbox 822 4486 961 4557; x_wconf 73' lang='grc' dir='ltr'>ἐφύβρισα</span> <span class='ocrx_word' id='word_1_365' title='bbox 978 4489 1026 4539; x_wconf 80' lang='grc' dir='ltr'>καὶ</span> <span class='ocrx_word' id='word_1_366' title='bbox 1045 4487 1097 4539; x_wconf 80' lang='grc' dir='ltr'>σὺν</span> <span class='ocrx_word' id='word_1_367' title='bbox 1114 4486 1193 4557; x_wconf 78' lang='grc' dir='ltr'><strong><em>ἔρωτι</em></strong></span> 
     </span>
     <span class='ocr_line' id='line_1_40' title="bbox 385 4566 1448 4643; baseline 0.005 -18"><span class='ocrx_word' id='word_1_368' title='bbox 385 4566 485 4642; x_wconf 77' lang='grc' dir='ltr'><strong><em>Τέρπν’</em></strong></span> <span class='ocrx_word' id='word_1_369' title='bbox 502 4573 624 4625; x_wconf 73' lang='grc' dir='ltr'><strong><em>ἔπαθον·</em></strong></span> <span class='ocrx_word' id='word_1_370' title='bbox 644 4575 679 4626; x_wconf 82' lang='grc' dir='ltr'>τὰ</span> <span class='ocrx_word' id='word_1_371' title='bbox 699 4574 731 4627; x_wconf 78' lang='grc' dir='ltr'>δὲ</span> <span class='ocrx_word' id='word_1_372' title='bbox 750 4577 838 4628; x_wconf 82' lang='grc' dir='ltr'><strong><em>πολλὰ</em></strong></span> <span class='ocrx_word' id='word_1_373' title='bbox 856 4579 904 4628; x_wconf 81' lang='grc' dir='ltr'>καὶ</span> <span class='ocrx_word' id='word_1_374' title='bbox 923 4577 1001 4643; x_wconf 74' lang='grc' dir='ltr'><strong><em>ὄλβια</em></strong></span> <span class='ocrx_word' id='word_1_375' title='bbox 1020 4578 1114 4629; x_wconf 79' lang='grc' dir='ltr'><strong><em>πάντα</em></strong></span> <span class='ocrx_word' id='word_1_376' title='bbox 1132 4579 1258 4629; x_wconf 78' lang='grc' dir='ltr'>λέλυνται</span> <span class='ocrx_word' id='word_1_377' title='bbox 1276 4573 1394 4643; x_wconf 71' lang='lat' dir='ltr'>(acea).</span> <span class='ocrx_word' id='word_1_378' title='bbox 1413 4605 1448 4613; x_wconf 93' lang='lat'><em>-</em></span> 
     </span>
    </p>
   </div>
   <div class='ocr_carea' id='block_1_4' title="bbox 0 0 1826 5225">
    <p class='ocr_par' dir='ltr' id='par_1_8' title="bbox 0 0 1826 5225">
     <span class='ocr_line' id='line_1_41' title="bbox 0 0 1826 5225; baseline 0 5"><span class='ocrx_word' id='word_1_379' title='bbox 0 0 1826 5225; x_wconf 95' lang='lat' dir='ltr'> </span> 
     </span>
    </p>
   </div>
  </div>
 </body>
</html>
