3642 5225
742 480 799 535 Lib
818 481 866 550 IV,
885 496 908 535 c
928 481 1510 544 14-15.108

368 641 418 706 Μ.
454 641 602 722 Quando,
632 645 670 708 ut
699 643 769 707 aliis
800 644 877 708 locis
907 644 946 708 de
974 644 1022 708 vir
1023 645 1094 708 tute
1126 646 1159 709 et
1144 643 1384 709 tdiximust
1351 647 1384 708 et
1412 662 1550 763 saepe
1519 632 1561 695 1⁶

274 751 449 816 dicendum
473 751 518 814 eri
519 752 731 833 t(pleraeque
755 752 840 816 enim
864 753 1074 833 quaestiones,
1098 770 1180 834 quae
1204 752 1242 816 ad
1266 751 1367 816 vitam
1389 720 1550 816 mores-³⁴

274 877 342 940 que
365 877 421 942 per
422 859 534 936 tinent,
558 876 578 922 a
600 857 648 922 vir
649 858 729 923 tutis
745 857 833 923 ieont
850 858 974 923 ducunt
960 859 1035 942 t,ur)
1060 859 1217 941 quando
1208 859 1251 942 rgi
1253 861 1308 924 tur
1330 859 1434 923 virtus
1458 859 1508 923 est

275 964 415 1029 adfectio
439 965 536 1029 animi
559 966 708 1029 constans
731 965 998 1048 conveniensque,
1021 966 1198 1030 laudabiles
1222 965 1361 1031 efficiens
1384 984 1451 1044 eos,
1473 966 1507 1030 in

275 1073 396 1154 quibus
426 1075 490 1149 est,
522 1074 555 1136 et
583 1073 736 1155 ipseper
766 1091 800 1136 se
831 1091 890 1136 sua
920 1074 1031 1156 sponte
1063 1076 1212 1157 separata
1240 1074 1338 1138 etiam
1366 1074 1507 1139 utihtate

276 1179 464 1256 laudabilis,
498 1197 536 1243 ex
567 1197 605 1243 ea
634 1178 877 1262 proficiscuntur
905 1181 1058 1245 honestae
1088 1181 1286 1258 voluntates,
1320 1181 1507 1259 sententiae,

275 1287 418 1351 actiones
449 1286 615 1368 omnisque
644 1287 732 1350 reeta
755 1287 854 1364 ratio,
885 1305 1081 1369 quamquam
1104 1288 1174 1370 ipsa
1196 1288 1298 1351 virtus
1321 1288 1506 1352 brevissime

276 1394 367 1458 recta
393 1394 475 1458 ratio
498 1394 560 1458 dici
581 1395 695 1476 potest.
740 1393 845 1457 Huius
874 1394 973 1476 igitur
995 1395 1125 1458 virtutis
1153 1395 1311 1459 contraria
1341 1396 1390 1458 est
1417 1394 1508 1458 vitio-

275 1501 358 1566 sitas
381 1501 440 1581 (sio
463 1501 547 1564 enim
570 1501 655 1565 malo
679 1520 777 1582 quam
799 1501 900 1565 malit'
878 1504 957 1564 tram
981 1501 1140 1584 appellare
1164 1520 1248 1578 eam,
1272 1519 1369 1582 qnam
1394 1499 1509 1565 Graeci

277 1604 397 1686 κακίαν
426 1607 605 1691 appellant3
640 1626 716 1671 nam
746 1607 871 1672 malitia
900 1608 980 1673 certi
1010 1608 1176 1672 cuiusdam
1205 1607 1275 1671 vitii
1304 1626 1419 1671 nomen
1450 1609 1508 1685 est,

276 1715 436 1779 vitiositas
460 1714 633 1797 omnium);
657 1733 694 1778 er
718 1733 782 1795 qua
805 1715 1006 1779 concitantur
1028 1715 1292 1798 perturbationes,
1317 1716 1508 1796 quaesunt,

276 1825 316 1886 ut
349 1821 443 1904 paulo
479 1823 552 1885 ante
588 1821 742 1897 diximus,
777 1821 898 1885 turbidi
931 1822 1110 1886 animorum
1144 1822 1356 1904 concitatique
1389 1824 1507 1899 motus,

276 1928 383 1993 aversi
406 1947 425 1992 a
446 1928 568 1992 ratione
593 1929 626 1992 et
647 1928 859 1992 inimicissimi
885 1929 1002 1992 mentis
1025 1929 1172 2010 vitaeque
1196 1929 1397 2010 tranquillae.
1442 1928 1508 1992 Im-

276 2037 407 2118 portant
436 2036 521 2098 enim
551 2035 767 2116 aegritudines
803 2035 911 2099 anxias
946 2036 1042 2116 atque
1073 2036 1202 2099 acerbas
1237 2036 1422 2117 animosque
1452 2035 1508 2099 ad-

275 2141 396 2223 fligunt
423 2144 456 2206 et
485 2141 653 2206 debilitant
683 2143 790 2215 metu3
820 2142 917 2206 iidem
946 2140 1148 2205 inflammant
1177 2142 1370 2225 appetitione
1400 2141 1507 2219 nimia,

276 2267 378 2330 quam
399 2249 471 2312 tum
493 2249 710 2331 cupiditatem,
733 2251 803 2313 tum
819 2248 983 2313 libidinem
999 2248 1143 2326 dicimus,
1165 2248 1388 2331 impotentiam
1407 2267 1508 2330 quan-

277 2355 354 2419 dam
382 2355 480 2419 animi
508 2375 527 2419 a
551 2357 764 2439 temperantia
791 2359 824 2421 et
850 2354 1066 2421 moderatione
1089 2356 1264 2440 plurimum
1292 2354 1507 2421 dissidentem.

277 2549 389 2603 Aflelrte
361 2551 433 2620 (te§
451 2551 485 2605 47
505 2567 530 2603 u.
550 2550 595 2619 57)
614 2549 879 2620 derPeripatetiher,
898 2550 1026 2604 mildam
1045 2549 1239 2604 bedenllichen
1257 2549 1332 2604 Sata:
1352 2549 1448 2620 „Nihil
1467 2551 1508 2603 est

276 2638 415 2707 naturrale,
433 2641 503 2709 quod
522 2639 592 2694 idem
610 2640 722 2693 nimium
742 2656 800 2695 esse
819 2657 852 2709 po
853 2643 928 2695 test“
947 2644 973 2712 (ᾖ
991 2643 1035 2708 57,
1054 2641 1106 2711 vgl.
1125 2644 1141 2712 ᾖ
1161 2642 1213 2709 79).

352 2742 394 2783 at
417 2728 541 2798 Οααικια]
560 2728 692 2783 naohdenr
710 2729 816 2798 einmal,
837 2730 968 2784 verstiirlrt
985 2730 1209 2799 quandoquidaa,
1228 2732 1332 2799 ἐπειδή,
1351 2730 1422 2798 paist
1435 2728 1509 2783 nicht

277 2817 356 2871 recht
374 2834 408 2871 zu
425 2818 570 2871 debendam
587 2818 646 2871 crit.
667 2849 700 2857 —
718 2819 756 2872 od
773 2818 858 2872 sitam
876 2821 1023 2889 moresque]
1043 2819 1107 2888 „die
1126 2819 1213 2888 Ειιιιιι,
1232 2818 1316 2874 Moral
1323 2822 1347 2872 “.
1368 2850 1401 2859 -
1420 2817 1508 2872 uvir·

278 2905 346 2960 tata'o
363 2905 445 2976 fonte]
470 2923 545 2974 „von
563 2908 611 2960 der
628 2907 736 2976 legend
759 2906 799 2961 als
818 2907 944 2973 Quelle‘t.
968 2939 1002 2947 -
1025 2909 1133 2977 qacrodo
1156 2908 1254 2977 ipitar]
1280 2906 1315 2962 So
1338 2908 1405 2961 wind
1429 2906 1508 2961 meist

275 2995 322 3049 die
340 2994 595 3049 Wiederaufnahme
613 2994 681 3049 nach
699 2996 749 3049 der
767 2996 944 3065 Parenthese,
968 2998 1015 3050 fi'rr
1031 2996 1134 3051 welche
1153 2998 1195 3051 die
1213 2996 1294 3051 Alten
1312 2996 1374 3050 hein
1393 2995 1508 3050 Zeiohen

277 3084 380 3149 hatten,
398 3084 542 3139 ausserlich
561 3085 727 3154 nngedeutet
746 3116 781 3124 -
804 3085 892 3138 cirtae
909 3090 948 3138 ast
965 3085 1081 3152 adfectio
1099 3085 1202 3155 anima]
1221 3085 1507 3155 „Seelenverfassung,

276 3173 369 3227 Denk·
387 3173 442 3226 und
460 3174 773 3242 Empfindungsweise“;
799 3173 928 3228 Stobaeus
946 3174 1053 3243 eclogae
1071 3174 1112 3241 II,
1133 3176 1185 3230 104
1203 3176 1248 3244 (30
1266 3174 1372 3243 Mein.):
1397 3179 1508 3242 ηκοινό-

276 3284 358 3340 τερον
376 3264 408 3319 δὲ
427 3266 476 3331 τὴν
495 3266 591 3333 ἀρετὴν
609 3265 740 3320 διάθεσιν
758 3266 831 3319 εἶναί
848 3283 920 3337 φασι
940 3276 1029 3336 ψυχῆς
1048 3268 1201 3338 σύμφωνον
1219 3267 1286 3339 αὑτῇ
1305 3269 1367 3337 περὶ
1382 3266 1446 3319 ὅλον
1460 3268 1508 3318 τὸν

274 3356 369 3422 βίον“.
388 3383 422 3393 -
441 3352 533 3406 Durch
551 3352 596 3407 die
614 3352 751 3407 vierfeobe
769 3352 929 3422 Steigerung
947 3353 1010 3422 ipsa
1028 3384 1062 3393 -
1077 3370 1128 3423 per
1144 3370 1172 3406 ae
1191 3384 1225 3393 —
1243 3370 1296 3407 auc
1313 3357 1405 3422 sponte
1418 3370 1508 3407 -ae-

272 3446 378 3512 paratu
395 3442 479 3495 ιικὶιαι
496 3442 616 3496 redacte
633 3443 669 3497 ist
681 3443 730 3496 der
744 3444 892 3511 Gegensata
911 3461 946 3497 ιιι
959 3443 1059 3512 Epihur
1076 3442 1131 3496 und
1145 3443 1173 3495 in
1187 3441 1326 3512 gewissem
1340 3440 1422 3496 Sinna
1440 3441 1508 3496 auch

276 3548 312 3585 au
329 3531 383 3585 den
396 3531 610 3601 Peripatetilem
628 3533 812 3601 ausgedri'rclrt.
832 3565 866 3573 -
884 3533 973 3586 cirtam
1052 3536 1126 3586 rectu
1142 3531 1226 3601 ratio]
1240 3531 1321 3585 Aoad.
1336 3530 1358 3599 1,
1373 3533 1421 3587 38:
1442 3530 1508 3600 „hic

275 3621 370 3691 (Zeno)
385 3637 478 3676 omnes
492 3621 618 3691 (ndmlioh
631 3621 745 3675 virtutes
759 3648 794 3668 =
808 3622 1012 3691 Gesamtvirtus)
1026 3622 1054 3675 in
1068 3621 1170 3675 ratione
1183 3621 1327 3690 ponebat“.
1345 3652 1379 3661 -
1398 3620 1508 3674 αι’νίκίιι

273 3709 428 3780 contremo]
448 3710 497 3764 Bei
514 3711 671 3765 contradus
689 3711 805 3766 seltener
819 3711 932 3765 Genetiv
951 3712 990 3765 als
1003 3711 1097 3779 Dativ3
1117 3710 1185 3765 anch
1200 3714 1324 3774 ἐναντίος
1341 3710 1413 3764 kann
1430 3709 1507 3764 beide
1560 3759 1563 3763 Α

277 3799 367 3854 Kasus
389 3800 434 3854 bei
455 3799 513 3853 sich
536 3800 630 3854 haben.
657 3831 691 3839 -
716 3800 853 3854 citabaitue
938 3800 1062 3869 maldra]
1085 3799 1214 3854 Dasselbe
1237 3800 1305 3853 iiber
1327 3799 1401 3854 scine
1420 3788 1508 3853 Uber-

276 3890 391 3957 setzung
403 3890 436 3943 de
449 3888 499 3943 fin.
513 3890 563 3957 IlI,
578 3890 664 3945 3911:
685 3889 779 3957 „Quas
794 3890 866 3944 enim
879 3896 976 3953 κακίας
990 3889 1085 3944 Graeci
1098 3889 1241 3958 appellant,
1260 3888 1326 3942 vitia
1343 3888 1413 3942 malo
1428 3903 1508 3955 quam

276 3976 393 4032 malitias
411 3978 556 4031 nominare.
638 3978 685 4033 Sin
703 3985 802 4034 κακίαν
820 3978 947 4032 malitiam
961 3978 1084 4047 dixisses,
1103 3979 1136 4032 ad
1150 3977 1220 4032 aliud
1235 3992 1284 4031 nos
1302 3993 1386 4029 unum
1404 3978 1508 4030 certum

276 4065 373 4121 ιὶιιιιιιι
387 4068 550 4121 consuetudo
563 4066 819 4137 (Spracbgebrauoh)
834 4068 928 4122 Latina
941 4069 1119 4123 traduceret“
1147 4067 1214 4122 Eine
1228 4065 1376 4134 Erhldrung
1388 4066 1435 4119 fiir
1447 4082 1508 4119 mo·

276 4154 343 4210 ιὶίια
359 4155 417 4225 gibt
435 4155 528 4213 Cicero
546 4157 579 4210 de
598 4157 646 4211 off.
665 4157 716 4225 ΠΙ,
737 4159 784 4212 71:
804 4198 820 4225 „
828 4156 958 4224 Quocirca
975 4156 1088 4211 astutiae
1103 4154 1361 4226 (Versoblagenheit)
1375 4153 1508 4209 tollendae

276 4247 445 4315 euntesque
464 4244 571 4313 malitia,
591 4262 659 4315 quae
677 4246 736 4300 vult
753 4246 801 4300 illa
819 4246 926 4315 quidem
944 4246 1028 4300 videri
1047 4260 1076 4301 se
1096 4260 1155 4299 esse
1170 4244 1349 4313 prudentiam,
1368 4244 1415 4298 sed
1434 4243 1509 4298 abest

276 4334 312 4389 ab
330 4350 363 4390 ea
380 4334 513 4405 distatque
531 4334 683 4404 plurimum.
720 4335 865 4390 Prudentia
889 4337 931 4389 est
956 4335 1027 4390 enim
1049 4334 1137 4389 locata
1162 4334 1190 4388 in
1208 4334 1315 4388 delectu
1333 4333 1462 4388 bonorum
1482 4334 1509 4387 et

277 4422 425 4492 melorum,
450 4424 562 4493 malitia,
588 4424 610 4478 si
634 4427 736 4493 omnia,
760 4442 828 4495 quae
846 4424 935 4493 turpia
958 4427 1034 4493 sunt,
1057 4424 1128 4478 mala
1149 4425 1227 4493 sunt,
1252 4422 1323 4478 mala
1340 4422 1417 4477 bonis
1435 4422 1509 4492 ponit

275 4516 367 4569 ante.“
386 4545 421 4554 —
439 4512 638 4584 impotentium]
659 4540 691 4559 =
710 4513 952 4585 intemperantiam
970 4516 986 4584 ξ
1004 4515 1047 4569 22.
