<?xml version="1.0" encoding="UTF-8"?>
<!DOCTYPE html PUBLIC "-//W3C//DTD XHTML 1.0 Transitional//EN"
    "http://www.w3.org/TR/xhtml1/DTD/xhtml1-transitional.dtd">
<html xmlns="http://www.w3.org/1999/xhtml" xml:lang="en" lang="en">
 <head>
  <title>
</title>
<meta http-equiv="Content-Type" content="text/html;charset=utf-8" />
  <meta name='ocr-system' content='tesseract 3.04.00' />
  <meta name='ocr-capabilities' content='ocr_page ocr_carea ocr_par ocr_line ocrx_word'/>
</head>
<body>
  <div class='ocr_page' id='page_1' title='image "./mtulliiciceroni71cicegoog/mtulliiciceroni71cicegoog_0191.png"; bbox 0 0 3642 5225; ppageno 0'>
   <div class='ocr_carea' id='block_1_1' title="bbox 743 528 1502 598">
    <p class='ocr_par' dir='ltr' id='par_1_1' title="bbox 743 528 1502 598">
     <span class='ocr_line' id='line_1_1' title="bbox 743 528 1502 598; baseline 0.004 -14"><span class='ocrx_word' id='word_1_1' title='bbox 743 529 801 584; x_wconf 89' lang='lat' dir='ltr'><strong>Lib.</strong></span> <span class='ocrx_word' id='word_1_2' title='bbox 819 530 853 598; x_wconf 92' lang='lat' dir='ltr'><strong>V,</strong></span> <span class='ocrx_word' id='word_1_3' title='bbox 872 545 895 584; x_wconf 84' lang='lat' dir='ltr'><strong>o.</strong></span> <span class='ocrx_word' id='word_1_4' title='bbox 914 531 1029 586; x_wconf 85' lang='lat'>30-31.</span> <span class='ocrx_word' id='word_1_5' title='bbox 1450 528 1502 588; x_wconf 75' lang='lat'><strong>185</strong></span> 
     </span>
    </p>
   </div>
   <div class='ocr_carea' id='block_1_2' title="bbox 267 690 1555 3136">
    <p class='ocr_par' dir='ltr' id='par_1_2' title="bbox 267 690 1555 2922">
     <span class='ocr_line' id='line_1_2' title="bbox 274 690 1502 776; baseline -0.002 -20"><span class='ocrx_word' id='word_1_6' title='bbox 274 712 349 776; x_wconf 82' lang='lat' dir='ltr'>gare</span> <span class='ocrx_word' id='word_1_7' title='bbox 378 711 431 757; x_wconf 91' lang='lat' dir='ltr'><strong>eos</strong></span> <span class='ocrx_word' id='word_1_8' title='bbox 459 711 528 758; x_wconf 90' lang='lat' dir='ltr'><strong>esse</strong></span> <span class='ocrx_word' id='word_1_9' title='bbox 555 693 681 771; x_wconf 83' lang='lat' dir='ltr'><strong>beatos,</strong></span> <span class='ocrx_word' id='word_1_10' title='bbox 711 693 766 774; x_wconf 90' lang='lat' dir='ltr'><strong>qui</strong></span> <span class='ocrx_word' id='word_1_11' title='bbox 795 692 885 757; x_wconf 89' lang='lat' dir='ltr'><strong>illam</strong></span> <span class='ocrx_word' id='word_1_12' title='bbox 915 692 1022 775; x_wconf 82' lang='lat' dir='ltr'>adepti</span> <span class='ocrx_word' id='word_1_13' title='bbox 1052 693 1137 756; x_wconf 91' lang='lat' dir='ltr'><strong>sunt.</strong></span> <span class='ocrx_word' id='word_1_14' title='bbox 1183 690 1388 774; x_wconf 82' lang='lat' dir='ltr'><strong>Quamquam</strong></span> <span class='ocrx_word' id='word_1_15' title='bbox 1417 691 1502 755; x_wconf 91' lang='lat' dir='ltr'><strong>enim</strong></span> 
     </span>
     <span class='ocr_line' id='line_1_3' title="bbox 275 798 1503 882; baseline 0 -19"><span class='ocrx_word' id='word_1_16' title='bbox 275 800 395 864; x_wconf 91' lang='lat' dir='ltr'><strong>sintin</strong></span> <span class='ocrx_word' id='word_1_17' title='bbox 419 799 610 882; x_wconf 89' lang='lat' dir='ltr'><strong>quibusdam</strong></span> <span class='ocrx_word' id='word_1_18' title='bbox 636 800 746 878; x_wconf 88' lang='lat' dir='ltr'><strong>malis,</strong></span> <span class='ocrx_word' id='word_1_19' title='bbox 775 802 884 864; x_wconf 90' lang='lat' dir='ltr'><strong>tamen</strong></span> <span class='ocrx_word' id='word_1_20' title='bbox 910 800 971 864; x_wconf 90' lang='lat' dir='ltr'><strong>hoe</strong></span> <span class='ocrx_word' id='word_1_21' title='bbox 998 818 1113 864; x_wconf 89' lang='lat' dir='ltr'><strong>nomen</strong></span> <span class='ocrx_word' id='word_1_22' title='bbox 1141 799 1228 865; x_wconf 87' lang='lat' dir='ltr'><strong>beati</strong></span> <span class='ocrx_word' id='word_1_23' title='bbox 1254 800 1348 881; x_wconf 86' lang='lat' dir='ltr'><strong>longe</strong></span> <span class='ocrx_word' id='word_1_24' title='bbox 1377 800 1410 863; x_wconf 93' lang='lat' dir='ltr'><strong>et</strong></span> <span class='ocrx_word' id='word_1_25' title='bbox 1436 798 1503 864; x_wconf 85' lang='lat' dir='ltr'><strong>late</strong></span> 
     </span>
     <span class='ocr_line' id='line_1_4' title="bbox 267 890 1555 992; baseline 0.001 -22"><span class='ocrx_word' id='word_1_26' title='bbox 267 909 372 992; x_wconf 88' lang='lat' dir='ltr'><strong>patet</strong></span> <span class='ocrx_word' id='word_1_27' title='bbox 418 906 502 971; x_wconf 87' lang='lat' dir='ltr'><strong>Nam</strong></span> <span class='ocrx_word' id='word_1_28' title='bbox 532 909 569 971; x_wconf 91' lang='lat' dir='ltr'><strong>ut</strong></span> <span class='ocrx_word' id='word_1_29' title='bbox 599 909 793 989; x_wconf 87' lang='lat' dir='ltr'><strong>quaestuosa</strong></span> <span class='ocrx_word' id='word_1_30' title='bbox 822 909 1017 984; x_wconf 78' lang='lat' dir='ltr'><strong>mercatura,</strong></span> <span class='ocrx_word' id='word_1_31' title='bbox 1052 906 1216 971; x_wconf 87' lang='lat' dir='ltr'><strong>fruetuosa</strong></span> <span class='ocrx_word' id='word_1_32' title='bbox 1245 907 1346 970; x_wconf 87' lang='lat' dir='ltr'><strong>aratio</strong></span> <span class='ocrx_word' id='word_1_33' title='bbox 1377 906 1502 984; x_wconf 88' lang='lat' dir='ltr'><strong>dieitur,</strong></span> <span class='ocrx_word' id='word_1_34' title='bbox 1512 890 1555 952; x_wconf 68' lang='lat'><strong>31</strong></span> 
     </span>
     <span class='ocr_line' id='line_1_5' title="bbox 273 978 1545 1097; baseline 0 -19"><span class='ocrx_word' id='word_1_35' title='bbox 273 1033 337 1079; x_wconf 92' lang='lat' dir='ltr'><strong>non</strong></span> <span class='ocrx_word' id='word_1_36' title='bbox 365 1014 393 1078; x_wconf 92' lang='lat' dir='ltr'><strong>si</strong></span> <span class='ocrx_word' id='word_1_37' title='bbox 416 1014 517 1078; x_wconf 87' lang='lat' dir='ltr'><strong>altera</strong></span> <span class='ocrx_word' id='word_1_38' title='bbox 540 1033 665 1097; x_wconf 83' lang='lat' dir='ltr'><strong>semper</strong></span> <span class='ocrx_word' id='word_1_39' title='bbox 688 1014 774 1078; x_wconf 94' lang='lat' dir='ltr'><strong>omni</strong></span> <span class='ocrx_word' id='word_1_40' title='bbox 797 1014 929 1091; x_wconf 90' lang='lat' dir='ltr'><strong>damno,</strong></span> <span class='ocrx_word' id='word_1_41' title='bbox 959 1013 1061 1078; x_wconf 87' lang='lat' dir='ltr'><strong>altera</strong></span> <span class='ocrx_word' id='word_1_42' title='bbox 1084 1014 1170 1079; x_wconf 91' lang='lat' dir='ltr'><strong>omni</strong></span> <span class='ocrx_word' id='word_1_43' title='bbox 1192 1015 1395 1097; x_wconf 77' lang='lat' dir='ltr'><strong>tempestatis</strong></span> <span class='ocrx_word' id='word_1_44' title='bbox 1419 978 1545 1079; x_wconf 77' lang='lat' dir='ltr'><strong>eale-⁸⁸</strong></span> 
     </span>
     <span class='ocr_line' id='line_1_6' title="bbox 273 1120 1505 1204; baseline 0.001 -19"><span class='ocrx_word' id='word_1_45' title='bbox 273 1122 388 1185; x_wconf 89' lang='lat' dir='ltr'><strong>mitate</strong></span> <span class='ocrx_word' id='word_1_46' title='bbox 404 1141 529 1204; x_wconf 89' lang='lat' dir='ltr'><strong>semper</strong></span> <span class='ocrx_word' id='word_1_47' title='bbox 544 1124 645 1200; x_wconf 86' lang='lat' dir='ltr'><strong>vaoat,</strong></span> <span class='ocrx_word' id='word_1_48' title='bbox 668 1121 724 1186; x_wconf 93' lang='lat' dir='ltr'><strong>sed</strong></span> <span class='ocrx_word' id='word_1_49' title='bbox 748 1122 775 1185; x_wconf 93' lang='lat' dir='ltr'><strong>si</strong></span> <span class='ocrx_word' id='word_1_50' title='bbox 796 1122 899 1186; x_wconf 92' lang='lat' dir='ltr'><strong>multo</strong></span> <span class='ocrx_word' id='word_1_51' title='bbox 915 1120 1033 1186; x_wconf 88' lang='lat' dir='ltr'><strong>maiore</strong></span> <span class='ocrx_word' id='word_1_52' title='bbox 1057 1140 1095 1185; x_wconf 83' lang='lat' dir='ltr'><strong>ex</strong></span> <span class='ocrx_word' id='word_1_53' title='bbox 1117 1123 1207 1204; x_wconf 85' lang='lat' dir='ltr'><strong>parte</strong></span> <span class='ocrx_word' id='word_1_54' title='bbox 1231 1123 1337 1185; x_wconf 88' lang='lat' dir='ltr'><strong>exstat</strong></span> <span class='ocrx_word' id='word_1_55' title='bbox 1358 1121 1393 1185; x_wconf 91' lang='lat' dir='ltr'><strong>in</strong></span> <span class='ocrx_word' id='word_1_56' title='bbox 1415 1123 1505 1186; x_wconf 84' lang='lat' dir='ltr'><strong>utra·</strong></span> 
     </span>
     <span class='ocr_line' id='line_1_7' title="bbox 276 1227 1504 1310; baseline 0.001 -19"><span class='ocrx_word' id='word_1_57' title='bbox 276 1247 337 1310; x_wconf 91' lang='lat' dir='ltr'><strong>que</strong></span> <span class='ocrx_word' id='word_1_58' title='bbox 360 1228 505 1307; x_wconf 80' lang='lat' dir='ltr'><strong>felicitas,</strong></span> <span class='ocrx_word' id='word_1_59' title='bbox 528 1229 574 1293; x_wconf 90' lang='lat' dir='ltr'><strong>sio</strong></span> <span class='ocrx_word' id='word_1_60' title='bbox 596 1228 662 1293; x_wconf 87' lang='lat' dir='ltr'><strong>vita</strong></span> <span class='ocrx_word' id='word_1_61' title='bbox 684 1248 747 1293; x_wconf 93' lang='lat' dir='ltr'><strong>non</strong></span> <span class='ocrx_word' id='word_1_62' title='bbox 771 1230 875 1294; x_wconf 91' lang='lat' dir='ltr'><strong>solum</strong></span> <span class='ocrx_word' id='word_1_63' title='bbox 898 1229 926 1293; x_wconf 92' lang='lat' dir='ltr'><strong>si</strong></span> <span class='ocrx_word' id='word_1_64' title='bbox 949 1228 1092 1310; x_wconf 89' lang='lat' dir='ltr'><strong>undique</strong></span> <span class='ocrx_word' id='word_1_65' title='bbox 1111 1227 1229 1293; x_wconf 85' lang='lat' dir='ltr'><strong>referta</strong></span> <span class='ocrx_word' id='word_1_66' title='bbox 1251 1229 1342 1293; x_wconf 93' lang='lat' dir='ltr'><strong>bonis</strong></span> <span class='ocrx_word' id='word_1_67' title='bbox 1366 1230 1424 1306; x_wconf 90' lang='lat' dir='ltr'><strong>est,</strong></span> <span class='ocrx_word' id='word_1_68' title='bbox 1447 1228 1504 1293; x_wconf 90' lang='lat' dir='ltr'><strong>sed</strong></span> 
     </span>
     <span class='ocr_line' id='line_1_8' title="bbox 276 1335 1503 1420; baseline 0 -20"><span class='ocrx_word' id='word_1_69' title='bbox 276 1337 303 1400; x_wconf 94' lang='lat' dir='ltr'><strong>si</strong></span> <span class='ocrx_word' id='word_1_70' title='bbox 326 1336 428 1400; x_wconf 89' lang='lat' dir='ltr'><strong>multo</strong></span> <span class='ocrx_word' id='word_1_71' title='bbox 451 1341 569 1401; x_wconf 91' lang='lat' dir='ltr'><strong>maiore</strong></span> <span class='ocrx_word' id='word_1_72' title='bbox 594 1337 626 1401; x_wconf 91' lang='lat' dir='ltr'><strong>et</strong></span> <span class='ocrx_word' id='word_1_73' title='bbox 649 1336 791 1418; x_wconf 83' lang='lat' dir='ltr'><strong>graviore</strong></span> <span class='ocrx_word' id='word_1_74' title='bbox 811 1355 848 1400; x_wconf 87' lang='lat' dir='ltr'><strong>ex</strong></span> <span class='ocrx_word' id='word_1_75' title='bbox 863 1338 956 1418; x_wconf 87' lang='lat' dir='ltr'><strong>parte</strong></span> <span class='ocrx_word' id='word_1_76' title='bbox 972 1336 1055 1401; x_wconf 88' lang='lat' dir='ltr'><strong>bona</strong></span> <span class='ocrx_word' id='word_1_77' title='bbox 1070 1335 1276 1420; x_wconf 89' lang='lat' dir='ltr'><strong>propendent,</strong></span> <span class='ocrx_word' id='word_1_78' title='bbox 1299 1336 1395 1400; x_wconf 87' lang='lat' dir='ltr'><strong>beata</strong></span> <span class='ocrx_word' id='word_1_79' title='bbox 1417 1337 1503 1400; x_wconf 86' lang='lat' dir='ltr'><strong>reete</strong></span> 
     </span>
     <span class='ocr_line' id='line_1_9' title="bbox 275 1442 1545 1526; baseline -0.003 -20"><span class='ocrx_word' id='word_1_80' title='bbox 275 1443 338 1507; x_wconf 91' lang='lat' dir='ltr'><strong>diei</strong></span> <span class='ocrx_word' id='word_1_81' title='bbox 360 1445 474 1526; x_wconf 88' lang='lat' dir='ltr'><strong>potest.</strong></span> <span class='ocrx_word' id='word_1_82' title='bbox 514 1443 673 1526; x_wconf 85' lang='lat' dir='ltr'><strong>Sequetur</strong></span> <span class='ocrx_word' id='word_1_83' title='bbox 695 1443 794 1525; x_wconf 84' lang='lat' dir='ltr'><strong>igitur</strong></span> <span class='ocrx_word' id='word_1_84' title='bbox 809 1444 924 1507; x_wconf 88' lang='lat' dir='ltr'><strong>horum</strong></span> <span class='ocrx_word' id='word_1_85' title='bbox 940 1442 1063 1507; x_wconf 84' lang='lat' dir='ltr'><strong>ratione</strong></span> <span class='ocrx_word' id='word_1_86' title='bbox 1079 1443 1130 1507; x_wconf 88' lang='lat' dir='ltr'><strong>vel</strong></span> <span class='ocrx_word' id='word_1_87' title='bbox 1146 1442 1186 1507; x_wconf 86' lang='lat' dir='ltr'><strong>ad</strong></span> <span class='ocrx_word' id='word_1_88' title='bbox 1203 1442 1395 1526; x_wconf 91' lang='lat' dir='ltr'><strong>supplioium</strong></span> <span class='ocrx_word' id='word_1_89' title='bbox 1410 1443 1505 1507; x_wconf 89' lang='lat' dir='ltr'><strong>beata</strong></span> <span class='ocrx_word' id='word_1_90' title='bbox 1515 1460 1545 1505; x_wconf 77' lang='lat' dir='ltr'><strong>ss</strong></span> 
     </span>
     <span class='ocr_line' id='line_1_10' title="bbox 275 1549 1505 1632; baseline -0.002 -17"><span class='ocrx_word' id='word_1_91' title='bbox 275 1551 341 1615; x_wconf 83' lang='lat' dir='ltr'><strong>vita</strong></span> <span class='ocrx_word' id='word_1_92' title='bbox 371 1550 524 1615; x_wconf 86' lang='lat' dir='ltr'><strong>virtutem</strong></span> <span class='ocrx_word' id='word_1_93' title='bbox 551 1570 688 1632; x_wconf 90' lang='lat' dir='ltr'><strong>eumque</strong></span> <span class='ocrx_word' id='word_1_94' title='bbox 717 1569 755 1615; x_wconf 88' lang='lat' dir='ltr'><strong>ea</strong></span> <span class='ocrx_word' id='word_1_95' title='bbox 783 1551 954 1615; x_wconf 79' lang='lat' dir='ltr'><strong>descendet</strong></span> <span class='ocrx_word' id='word_1_96' title='bbox 976 1551 1010 1615; x_wconf 94' lang='lat' dir='ltr'><strong>in</strong></span> <span class='ocrx_word' id='word_1_97' title='bbox 1032 1553 1164 1614; x_wconf 90' lang='lat' dir='ltr'><strong>taurum</strong></span> <span class='ocrx_word' id='word_1_98' title='bbox 1187 1550 1374 1627; x_wconf 82' lang='lat' dir='ltr'><strong>Aristotele,</strong></span> <span class='ocrx_word' id='word_1_99' title='bbox 1400 1549 1505 1614; x_wconf 89' lang='lat' dir='ltr'><strong>Xeno-</strong></span> 
     </span>
     <span class='ocr_line' id='line_1_11' title="bbox 275 1656 1505 1741; baseline -0.002 -19"><span class='ocrx_word' id='word_1_100' title='bbox 275 1660 371 1735; x_wconf 79' lang='lat' dir='ltr'><strong>crate,</strong></span> <span class='ocrx_word' id='word_1_101' title='bbox 396 1657 580 1741; x_wconf 85' lang='lat' dir='ltr'><strong>Speusippo,</strong></span> <span class='ocrx_word' id='word_1_102' title='bbox 603 1657 774 1723; x_wconf 88' lang='lat' dir='ltr'><strong>Polemone</strong></span> <span class='ocrx_word' id='word_1_103' title='bbox 790 1659 974 1722; x_wconf 87' lang='lat' dir='ltr'><strong>auctoribus</strong></span> <span class='ocrx_word' id='word_1_104' title='bbox 990 1677 1048 1722; x_wconf 90' lang='lat' dir='ltr'><strong>neo</strong></span> <span class='ocrx_word' id='word_1_105' title='bbox 1064 1676 1136 1722; x_wconf 89' lang='lat' dir='ltr'><strong>eam</strong></span> <span class='ocrx_word' id='word_1_106' title='bbox 1151 1657 1256 1734; x_wconf 90' lang='lat' dir='ltr'><strong>minis,</strong></span> <span class='ocrx_word' id='word_1_107' title='bbox 1279 1656 1505 1722; x_wconf 86' lang='lat' dir='ltr'><strong>blandimentis</strong></span> 
     </span>
     <span class='ocr_line' id='line_1_12' title="bbox 277 1764 1506 1848; baseline -0.002 -19"><span class='ocrx_word' id='word_1_108' title='bbox 277 1767 426 1847; x_wconf 86' lang='lat' dir='ltr'><strong>eorrnpta</strong></span> <span class='ocrx_word' id='word_1_109' title='bbox 453 1765 588 1829; x_wconf 87' lang='lat' dir='ltr'><strong>deseret.</strong></span> <span class='ocrx_word' id='word_1_110' title='bbox 632 1765 754 1829; x_wconf 83' lang='lat' dir='ltr'><strong>Eadem</strong></span> <span class='ocrx_word' id='word_1_111' title='bbox 783 1764 994 1848; x_wconf 85' lang='lat' dir='ltr'><strong>Calliphontis</strong></span> <span class='ocrx_word' id='word_1_112' title='bbox 1025 1766 1086 1830; x_wconf 88' lang='lat' dir='ltr'><strong>erit</strong></span> <span class='ocrx_word' id='word_1_113' title='bbox 1113 1764 1306 1847; x_wconf 89' lang='lat' dir='ltr'><strong>Diodorique</strong></span> <span class='ocrx_word' id='word_1_114' title='bbox 1337 1764 1506 1842; x_wconf 90' lang='lat' dir='ltr'><strong>sententia,</strong></span> 
     </span>
     <span class='ocr_line' id='line_1_13' title="bbox 277 1871 1506 1956; baseline 0.001 -21"><span class='ocrx_word' id='word_1_115' title='bbox 277 1890 415 1953; x_wconf 89' lang='lat' dir='ltr'><strong>quorum</strong></span> <span class='ocrx_word' id='word_1_116' title='bbox 438 1874 574 1954; x_wconf 90' lang='lat' dir='ltr'><strong>uterque</strong></span> <span class='ocrx_word' id='word_1_117' title='bbox 596 1873 799 1936; x_wconf 89' lang='lat' dir='ltr'><strong>honestatem</strong></span> <span class='ocrx_word' id='word_1_118' title='bbox 814 1872 860 1936; x_wconf 88' lang='lat' dir='ltr'><strong>sie</strong></span> <span class='ocrx_word' id='word_1_119' title='bbox 875 1873 1107 1956; x_wconf 87' lang='lat' dir='ltr'><strong>eompleotitur,</strong></span> <span class='ocrx_word' id='word_1_120' title='bbox 1130 1875 1171 1937; x_wconf 91' lang='lat' dir='ltr'><strong>ut</strong></span> <span class='ocrx_word' id='word_1_121' title='bbox 1193 1872 1307 1949; x_wconf 87' lang='lat' dir='ltr'><strong>omnia,</strong></span> <span class='ocrx_word' id='word_1_122' title='bbox 1331 1889 1414 1953; x_wconf 87' lang='lat' dir='ltr'><strong>quae</strong></span> <span class='ocrx_word' id='word_1_123' title='bbox 1438 1871 1506 1936; x_wconf 89' lang='lat' dir='ltr'><strong>siue</strong></span> 
     </span>
     <span class='ocr_line' id='line_1_14' title="bbox 277 1978 1507 2062; baseline -0.002 -18"><span class='ocrx_word' id='word_1_124' title='bbox 277 1997 315 2044; x_wconf 87' lang='lat' dir='ltr'><strong>eo</strong></span> <span class='ocrx_word' id='word_1_125' title='bbox 338 1979 411 2055; x_wconf 90' lang='lat' dir='ltr'><strong>sint,</strong></span> <span class='ocrx_word' id='word_1_126' title='bbox 433 1980 527 2061; x_wconf 82' lang='lat' dir='ltr'><strong>longe</strong></span> <span class='ocrx_word' id='word_1_127' title='bbox 549 1980 634 2043; x_wconf 90' lang='lat' dir='ltr'><strong>retro</strong></span> <span class='ocrx_word' id='word_1_128' title='bbox 657 1980 803 2062; x_wconf 88' lang='lat' dir='ltr'><strong>ponenda</strong></span> <span class='ocrx_word' id='word_1_129' title='bbox 825 1981 964 2044; x_wconf 87' lang='lat' dir='ltr'><strong>oenseat.</strong></span> <span class='ocrx_word' id='word_1_130' title='bbox 1009 1979 1138 2061; x_wconf 91' lang='lat' dir='ltr'><strong>Reliqui</strong></span> <span class='ocrx_word' id='word_1_131' title='bbox 1160 1980 1276 2044; x_wconf 83' lang='lat' dir='ltr'><strong>habere</strong></span> <span class='ocrx_word' id='word_1_132' title='bbox 1301 1997 1334 2043; x_wconf 92' lang='lat' dir='ltr'><strong>se</strong></span> <span class='ocrx_word' id='word_1_133' title='bbox 1357 1978 1507 2043; x_wconf 85' lang='lat' dir='ltr'><strong>videntur</strong></span> 
     </span>
     <span class='ocr_line' id='line_1_15' title="bbox 278 2085 1507 2170; baseline -0.002 -20"><span class='ocrx_word' id='word_1_134' title='bbox 278 2087 460 2168; x_wconf 85' lang='lat' dir='ltr'><strong>angustius,</strong></span> <span class='ocrx_word' id='word_1_135' title='bbox 483 2088 616 2150; x_wconf 90' lang='lat' dir='ltr'><strong>enatant</strong></span> <span class='ocrx_word' id='word_1_136' title='bbox 638 2089 760 2164; x_wconf 84' lang='lat' dir='ltr'><strong>tamen,</strong></span> <span class='ocrx_word' id='word_1_137' title='bbox 783 2086 954 2170; x_wconf 83' lang='lat' dir='ltr'><strong>lipieurus,</strong></span> <span class='ocrx_word' id='word_1_138' title='bbox 977 2087 1207 2170; x_wconf 83' lang='lat' dir='ltr'><strong>Hieronymus,</strong></span> <span class='ocrx_word' id='word_1_139' title='bbox 1237 2088 1270 2150; x_wconf 93' lang='lat' dir='ltr'><strong>et</strong></span> <span class='ocrx_word' id='word_1_140' title='bbox 1293 2085 1320 2149; x_wconf 93' lang='lat' dir='ltr'><strong>si</strong></span> <span class='ocrx_word' id='word_1_141' title='bbox 1343 2085 1400 2167; x_wconf 90' lang='lat' dir='ltr'><strong>qui</strong></span> <span class='ocrx_word' id='word_1_142' title='bbox 1423 2087 1507 2162; x_wconf 78' lang='lat' dir='ltr'><strong>sunt,</strong></span> 
     </span>
     <span class='ocr_line' id='line_1_16' title="bbox 278 2192 1507 2275; baseline -0.002 -18"><span class='ocrx_word' id='word_1_143' title='bbox 278 2194 333 2275; x_wconf 92' lang='lat' dir='ltr'><strong>qui</strong></span> <span class='ocrx_word' id='word_1_144' title='bbox 357 2193 521 2259; x_wconf 92' lang='lat' dir='ltr'><strong>desertum</strong></span> <span class='ocrx_word' id='word_1_145' title='bbox 543 2193 622 2257; x_wconf 91' lang='lat' dir='ltr'><strong>illud</strong></span> <span class='ocrx_word' id='word_1_146' title='bbox 639 2192 860 2258; x_wconf 81' lang='lat' dir='ltr'><strong>Carneadeum</strong></span> <span class='ocrx_word' id='word_1_147' title='bbox 878 2197 992 2258; x_wconf 89' lang='lat' dir='ltr'><strong>ourent</strong></span> <span class='ocrx_word' id='word_1_148' title='bbox 1007 2193 1185 2259; x_wconf 83' lang='lat' dir='ltr'><strong>defendere.</strong></span> <span class='ocrx_word' id='word_1_149' title='bbox 1223 2192 1325 2256; x_wconf 90' lang='lat' dir='ltr'><strong>Nemo</strong></span> <span class='ocrx_word' id='word_1_150' title='bbox 1350 2194 1400 2257; x_wconf 90' lang='lat' dir='ltr'><strong>est</strong></span> <span class='ocrx_word' id='word_1_151' title='bbox 1423 2192 1507 2256; x_wconf 92' lang='lat' dir='ltr'><strong>enim</strong></span> 
     </span>
     <span class='ocr_line' id='line_1_17' title="bbox 279 2300 1508 2384; baseline -0.001 -20"><span class='ocrx_word' id='word_1_152' title='bbox 279 2319 404 2378; x_wconf 91' lang='lat' dir='ltr'><strong>eorum,</strong></span> <span class='ocrx_word' id='word_1_153' title='bbox 437 2301 514 2382; x_wconf 91' lang='lat' dir='ltr'><strong>quin</strong></span> <span class='ocrx_word' id='word_1_154' title='bbox 542 2302 696 2365; x_wconf 92' lang='lat' dir='ltr'><strong>bonorum</strong></span> <span class='ocrx_word' id='word_1_155' title='bbox 719 2302 864 2365; x_wconf 89' lang='lat' dir='ltr'><strong>animum</strong></span> <span class='ocrx_word' id='word_1_156' title='bbox 886 2303 980 2384; x_wconf 90' lang='lat' dir='ltr'><strong>putet</strong></span> <span class='ocrx_word' id='word_1_157' title='bbox 1003 2319 1073 2365; x_wconf 93' lang='lat' dir='ltr'><strong>esse</strong></span> <span class='ocrx_word' id='word_1_158' title='bbox 1100 2300 1239 2365; x_wconf 90' lang='lat' dir='ltr'><strong>iudieem</strong></span> <span class='ocrx_word' id='word_1_159' title='bbox 1267 2318 1405 2381; x_wconf 89' lang='lat' dir='ltr'><strong>eumque</strong></span> <span class='ocrx_word' id='word_1_160' title='bbox 1435 2318 1508 2364; x_wconf 90' lang='lat' dir='ltr'><strong>eou-</strong></span> 
     </span>
     <span class='ocr_line' id='line_1_18' title="bbox 279 2407 1508 2490; baseline -0.002 -19"><span class='ocrx_word' id='word_1_161' title='bbox 279 2407 461 2486; x_wconf 84' lang='lat' dir='ltr'><strong>doeeiaoiat,</strong></span> <span class='ocrx_word' id='word_1_162' title='bbox 484 2410 522 2472; x_wconf 91' lang='lat' dir='ltr'><strong>ut</strong></span> <span class='ocrx_word' id='word_1_163' title='bbox 545 2427 591 2486; x_wconf 89' lang='lat' dir='ltr'><strong>ea,</strong></span> <span class='ocrx_word' id='word_1_164' title='bbox 615 2427 696 2490; x_wconf 90' lang='lat' dir='ltr'><strong>quae</strong></span> <span class='ocrx_word' id='word_1_165' title='bbox 719 2409 802 2472; x_wconf 85' lang='lat' dir='ltr'><strong>bone</strong></span> <span class='ocrx_word' id='word_1_166' title='bbox 824 2409 950 2472; x_wconf 85' lang='lat' dir='ltr'><strong>malave</strong></span> <span class='ocrx_word' id='word_1_167' title='bbox 971 2408 1149 2485; x_wconf 87' lang='lat' dir='ltr'><strong>videantur,</strong></span> <span class='ocrx_word' id='word_1_168' title='bbox 1172 2407 1273 2490; x_wconf 91' lang='lat' dir='ltr'><strong>possit</strong></span> <span class='ocrx_word' id='word_1_169' title='bbox 1297 2408 1508 2471; x_wconf 90' lang='lat' dir='ltr'><strong>oontemnere.</strong></span> 
     </span>
     <span class='ocr_line' id='line_1_19' title="bbox 278 2512 1551 2599; baseline -0.004 -18"><span class='ocrx_word' id='word_1_170' title='bbox 278 2515 364 2581; x_wconf 88' lang='lat' dir='ltr'><strong>Nam</strong></span> <span class='ocrx_word' id='word_1_171' title='bbox 388 2535 469 2598; x_wconf 90' lang='lat' dir='ltr'><strong>quae</strong></span> <span class='ocrx_word' id='word_1_172' title='bbox 492 2517 551 2581; x_wconf 88' lang='lat' dir='ltr'><strong>tibi</strong></span> <span class='ocrx_word' id='word_1_173' title='bbox 566 2517 696 2599; x_wconf 83' lang='lat' dir='ltr'><strong>Epiouri</strong></span> <span class='ocrx_word' id='word_1_174' title='bbox 719 2516 854 2593; x_wconf 84' lang='lat' dir='ltr'><strong>videtur,</strong></span> <span class='ocrx_word' id='word_1_175' title='bbox 878 2515 990 2580; x_wconf 89' lang='lat' dir='ltr'><strong>eadem</strong></span> <span class='ocrx_word' id='word_1_176' title='bbox 1006 2516 1068 2579; x_wconf 91' lang='lat' dir='ltr'><strong>erit</strong></span> <span class='ocrx_word' id='word_1_177' title='bbox 1082 2514 1270 2596; x_wconf 85' lang='lat' dir='ltr'><strong>Hieronymi</strong></span> <span class='ocrx_word' id='word_1_178' title='bbox 1286 2516 1319 2578; x_wconf 89' lang='lat' dir='ltr'><strong>et</strong></span> <span class='ocrx_word' id='word_1_179' title='bbox 1334 2512 1508 2578; x_wconf 83' lang='lat' dir='ltr'><strong>Carneadis</strong></span> <span class='ocrx_word' id='word_1_180' title='bbox 1518 2529 1551 2576; x_wconf 86' lang='lat' dir='ltr'><strong>ss</strong></span> 
     </span>
     <span class='ocr_line' id='line_1_20' title="bbox 280 2622 1509 2706; baseline -0.002 -20"><span class='ocrx_word' id='word_1_181' title='bbox 280 2642 376 2687; x_wconf 87' lang='lat' dir='ltr'><strong>eausa</strong></span> <span class='ocrx_word' id='word_1_182' title='bbox 400 2626 432 2687; x_wconf 94' lang='lat' dir='ltr'><strong>et</strong></span> <span class='ocrx_word' id='word_1_183' title='bbox 447 2625 576 2689; x_wconf 86' lang='lat' dir='ltr'><strong>heroule</strong></span> <span class='ocrx_word' id='word_1_184' title='bbox 593 2625 735 2688; x_wconf 90' lang='lat' dir='ltr'><strong>omnium</strong></span> <span class='ocrx_word' id='word_1_185' title='bbox 751 2625 955 2705; x_wconf 89' lang='lat' dir='ltr'><strong>reliquorum.</strong></span> <span class='ocrx_word' id='word_1_186' title='bbox 995 2622 1073 2702; x_wconf 83' lang='lat' dir='ltr'><strong>Quis</strong></span> <span class='ocrx_word' id='word_1_187' title='bbox 1098 2623 1182 2687; x_wconf 91' lang='lat' dir='ltr'><strong>enim</strong></span> <span class='ocrx_word' id='word_1_188' title='bbox 1201 2641 1316 2706; x_wconf 90' lang='lat' dir='ltr'><strong>parum</strong></span> <span class='ocrx_word' id='word_1_189' title='bbox 1332 2623 1382 2686; x_wconf 93' lang='lat' dir='ltr'><strong>est</strong></span> <span class='ocrx_word' id='word_1_190' title='bbox 1398 2622 1509 2686; x_wconf 87' lang='lat' dir='ltr'><strong>eontra</strong></span> 
     </span>
     <span class='ocr_line' id='line_1_21' title="bbox 279 2729 1509 2814; baseline -0.002 -20"><span class='ocrx_word' id='word_1_191' title='bbox 279 2734 419 2796; x_wconf 89' lang='lat' dir='ltr'><strong>mortem</strong></span> <span class='ocrx_word' id='word_1_192' title='bbox 442 2733 500 2795; x_wconf 90' lang='lat' dir='ltr'><strong>aut</strong></span> <span class='ocrx_word' id='word_1_193' title='bbox 523 2731 661 2795; x_wconf 92' lang='lat' dir='ltr'><strong>dolorem</strong></span> <span class='ocrx_word' id='word_1_194' title='bbox 684 2734 841 2814; x_wconf 83' lang='lat' dir='ltr'><strong>paratus?</strong></span> <span class='ocrx_word' id='word_1_195' title='bbox 887 2729 1059 2796; x_wconf 86' lang='lat' dir='ltr'><strong>Ordiamur</strong></span> <span class='ocrx_word' id='word_1_196' title='bbox 1083 2731 1122 2795; x_wconf 93' lang='lat' dir='ltr'><strong>ab</strong></span> <span class='ocrx_word' id='word_1_197' title='bbox 1146 2749 1195 2807; x_wconf 90' lang='lat' dir='ltr'><strong>eo,</strong></span> <span class='ocrx_word' id='word_1_198' title='bbox 1219 2729 1247 2794; x_wconf 94' lang='lat' dir='ltr'><strong>si</strong></span> <span class='ocrx_word' id='word_1_199' title='bbox 1268 2730 1389 2812; x_wconf 86' lang='lat' dir='ltr'><strong>plaeet,</strong></span> <span class='ocrx_word' id='word_1_200' title='bbox 1413 2747 1509 2811; x_wconf 90' lang='lat' dir='ltr'><strong>quem</strong></span> 
     </span>
     <span class='ocr_line' id='line_1_22' title="bbox 280 2838 947 2922; baseline 0 -21"><span class='ocrx_word' id='word_1_201' title='bbox 280 2838 420 2916; x_wconf 89' lang='lat' dir='ltr'><strong>mollem,</strong></span> <span class='ocrx_word' id='word_1_202' title='bbox 444 2857 541 2920; x_wconf 89' lang='lat' dir='ltr'><strong>quem</strong></span> <span class='ocrx_word' id='word_1_203' title='bbox 563 2840 778 2922; x_wconf 83' lang='lat' dir='ltr'><strong>voluptarium</strong></span> <span class='ocrx_word' id='word_1_204' title='bbox 803 2838 947 2903; x_wconf 87' lang='lat' dir='ltr'><strong>dioimus.</strong></span> 
     </span>
    </p>

    <p class='ocr_par' dir='ltr' id='par_1_3' title="bbox 282 2944 1509 3136">
     <span class='ocr_line' id='line_1_23' title="bbox 370 2944 1509 3025; baseline -0.003 -16"><span class='ocrx_word' id='word_1_205' title='bbox 370 2944 477 3024; x_wconf 80' lang='lat' dir='ltr'><strong>Quid?</strong></span> <span class='ocrx_word' id='word_1_206' title='bbox 500 2946 528 3010; x_wconf 93' lang='lat' dir='ltr'><strong>is</strong></span> <span class='ocrx_word' id='word_1_207' title='bbox 551 2946 609 3011; x_wconf 91' lang='lat' dir='ltr'><strong>tibi</strong></span> <span class='ocrx_word' id='word_1_208' title='bbox 632 2948 809 3011; x_wconf 89' lang='lat' dir='ltr'><strong>mortemne</strong></span> <span class='ocrx_word' id='word_1_209' title='bbox 825 2946 952 3010; x_wconf 84' lang='lat' dir='ltr'><strong>videtur</strong></span> <span class='ocrx_word' id='word_1_210' title='bbox 968 2949 1025 3011; x_wconf 88' lang='lat' dir='ltr'><strong>aut</strong></span> <span class='ocrx_word' id='word_1_211' title='bbox 1041 2946 1180 3010; x_wconf 91' lang='lat' dir='ltr'><strong>dolorem</strong></span> <span class='ocrx_word' id='word_1_212' title='bbox 1196 2945 1332 3009; x_wconf 82' lang='lat' dir='ltr'><strong>timere?</strong></span> <span class='ocrx_word' id='word_1_213' title='bbox 1357 2944 1412 3025; x_wconf 91' lang='lat' dir='ltr'><strong>qui</strong></span> <span class='ocrx_word' id='word_1_214' title='bbox 1435 2962 1509 3007; x_wconf 92' lang='lat' dir='ltr'><strong>eum</strong></span> 
     </span>
     <span class='ocr_line' id='line_1_24' title="bbox 282 3050 1509 3136; baseline -0.002 -20"><span class='ocrx_word' id='word_1_215' title='bbox 282 3053 375 3131; x_wconf 92' lang='lat' dir='ltr'><strong>diem,</strong></span> <span class='ocrx_word' id='word_1_216' title='bbox 399 3072 461 3135; x_wconf 92' lang='lat' dir='ltr'><strong>quo</strong></span> <span class='ocrx_word' id='word_1_217' title='bbox 484 3054 629 3131; x_wconf 87' lang='lat' dir='ltr'><strong>moritur,</strong></span> <span class='ocrx_word' id='word_1_218' title='bbox 651 3054 782 3117; x_wconf 87' lang='lat' dir='ltr'><strong>beatum</strong></span> <span class='ocrx_word' id='word_1_219' title='bbox 806 3054 947 3136; x_wconf 88' lang='lat' dir='ltr'><strong>appellet</strong></span> <span class='ocrx_word' id='word_1_220' title='bbox 961 3053 1171 3134; x_wconf 86' lang='lat' dir='ltr'><strong>maximisque</strong></span> <span class='ocrx_word' id='word_1_221' title='bbox 1189 3052 1348 3115; x_wconf 88' lang='lat' dir='ltr'><strong>doloribus</strong></span> <span class='ocrx_word' id='word_1_222' title='bbox 1365 3050 1509 3115; x_wconf 80' lang='lat' dir='ltr'><strong>adiectus</strong></span> 
     </span>
    </p>
   </div>
   <div class='ocr_carea' id='block_1_3' title="bbox 281 3315 1596 3477">
    <p class='ocr_par' dir='ltr' id='par_1_4' title="bbox 281 3315 1596 3477">
     <span class='ocr_line' id='line_1_25' title="bbox 282 3315 1596 3387; baseline -0.005 -13"><span class='ocrx_word' id='word_1_223' title='bbox 282 3317 460 3374; x_wconf 79' lang='lat' dir='ltr'><strong>Alsademilrer</strong></span> <span class='ocrx_word' id='word_1_224' title='bbox 477 3319 523 3371; x_wconf 82' lang='lat' dir='ltr'><strong>fiir</strong></span> <span class='ocrx_word' id='word_1_225' title='bbox 540 3317 583 3372; x_wconf 91' lang='lat' dir='ltr'><strong>die</strong></span> <span class='ocrx_word' id='word_1_226' title='bbox 601 3318 727 3372; x_wconf 87' lang='lat' dir='ltr'><strong>Rhetoril</strong></span> <span class='ocrx_word' id='word_1_227' title='bbox 747 3318 814 3372; x_wconf 83' lang='lat' dir='ltr'><strong>wird</strong></span> <span class='ocrx_word' id='word_1_228' title='bbox 832 3319 872 3373; x_wconf 85' lang='lat' dir='ltr'><strong>oft</strong></span> <span class='ocrx_word' id='word_1_229' title='bbox 889 3317 1116 3387; x_wconf 85' lang='lat' dir='ltr'><strong>hervorgehoben.</strong></span> <span class='ocrx_word' id='word_1_230' title='bbox 1136 3348 1169 3355; x_wconf 94' lang='lat'><em>-</em></span> <span class='ocrx_word' id='word_1_231' title='bbox 1193 3332 1362 3385; x_wconf 81' lang='lat' dir='ltr'><strong>quamquam</strong></span> <span class='ocrx_word' id='word_1_232' title='bbox 1441 3315 1509 3384; x_wconf 76' lang='lat' dir='ltr'><strong>sint]</strong></span> <span class='ocrx_word' id='word_1_233' title='bbox 1592 3346 1596 3353; x_wconf 88' lang='lat'>·</span> 
     </span>
     <span class='ocr_line' id='line_1_26' title="bbox 281 3407 690 3477; baseline -0.002 -15"><span class='ocrx_word' id='word_1_234' title='bbox 281 3407 447 3477; x_wconf 82' lang='lat' dir='ltr'><strong>Konjunktiv</strong></span> <span class='ocrx_word' id='word_1_235' title='bbox 466 3408 536 3462; x_wconf 87' lang='lat' dir='ltr'><strong>wohl</strong></span> <span class='ocrx_word' id='word_1_236' title='bbox 554 3408 690 3477; x_wconf 85' lang='lat' dir='ltr'><strong>potential.</strong></span> 
     </span>
    </p>
   </div>
   <div class='ocr_carea' id='block_1_4' title="bbox 354 3565 1409 3638">
    <p class='ocr_par' dir='ltr' id='par_1_5' title="bbox 354 3565 1409 3638">
     <span class='ocr_line' id='line_1_27' title="bbox 354 3565 1409 3638; baseline -0.005 -15"><span class='ocrx_word' id='word_1_237' title='bbox 354 3568 432 3636; x_wconf 71' lang='grc' dir='ltr'><strong>Καρ.</strong></span> <span class='ocrx_word' id='word_1_238' title='bbox 453 3568 506 3627; x_wconf 84' lang='grc'><strong>31.</strong></span> <span class='ocrx_word' id='word_1_239' title='bbox 546 3582 586 3625; x_wconf 78' lang='lat' dir='ltr'><strong>so.</strong></span> <span class='ocrx_word' id='word_1_240' title='bbox 605 3568 676 3623; x_wconf 79' lang='lat' dir='ltr'><strong>bono</strong></span> <span class='ocrx_word' id='word_1_241' title='bbox 689 3568 865 3638; x_wconf 75' lang='lat' dir='ltr'><strong>propenderet]</strong></span> <span class='ocrx_word' id='word_1_242' title='bbox 884 3567 937 3637; x_wconf 82' lang='lat' dir='ltr'><strong>vgl.</strong></span> <span class='ocrx_word' id='word_1_243' title='bbox 957 3567 1026 3621; x_wconf 87' lang='lat' dir='ltr'><strong>iiber</strong></span> <span class='ocrx_word' id='word_1_244' title='bbox 1042 3566 1085 3621; x_wconf 90' lang='lat' dir='ltr'><strong>die</strong></span> <span class='ocrx_word' id='word_1_245' title='bbox 1104 3565 1177 3621; x_wconf 82' lang='lat' dir='ltr'><strong>libro</strong></span> <span class='ocrx_word' id='word_1_246' title='bbox 1199 3566 1316 3621; x_wconf 77' lang='lat' dir='ltr'><strong>Oritoloi</strong></span> <span class='ocrx_word' id='word_1_247' title='bbox 1332 3568 1347 3635; x_wconf 58' lang='grc' dir='ltr'><strong>ᾗ</strong></span> <span class='ocrx_word' id='word_1_248' title='bbox 1366 3567 1409 3621; x_wconf 82' lang='grc'><strong>51.</strong></span> 
     </span>
    </p>
   </div>
   <div class='ocr_carea' id='block_1_5' title="bbox 281 3663 1514 4460">
    <p class='ocr_par' dir='ltr' id='par_1_6' title="bbox 281 3663 1514 4192">
     <span class='ocr_line' id='line_1_28' title="bbox 356 3663 1511 3736; baseline -0.009 -11"><span class='ocrx_word' id='word_1_249' title='bbox 356 3681 397 3725; x_wconf 76' lang='lat' dir='ltr'><strong>st.</strong></span> <span class='ocrx_word' id='word_1_250' title='bbox 424 3667 457 3721; x_wconf 77' lang='lat' dir='ltr'><strong>ia</strong></span> <span class='ocrx_word' id='word_1_251' title='bbox 474 3668 597 3736; x_wconf 82' lang='lat' dir='ltr'><strong>taurum]</strong></span> <span class='ocrx_word' id='word_1_252' title='bbox 616 3682 637 3720; x_wconf 88' lang='lat' dir='ltr'><strong>s.</strong></span> <span class='ocrx_word' id='word_1_253' title='bbox 657 3683 680 3721; x_wconf 91' lang='lat' dir='ltr'><strong>o.</strong></span> <span class='ocrx_word' id='word_1_254' title='bbox 699 3669 715 3736; x_wconf 65' lang='grc' dir='ltr'><strong>ξ</strong></span> <span class='ocrx_word' id='word_1_255' title='bbox 734 3669 776 3723; x_wconf 78' lang='grc'><strong>75.</strong></span> <span class='ocrx_word' id='word_1_256' title='bbox 796 3698 830 3707; x_wconf 91' lang='lat'><strong>—-</strong></span> <span class='ocrx_word' id='word_1_257' title='bbox 853 3665 996 3720; x_wconf 66' lang='lat' dir='ltr'><strong>Arrhtolele</strong></span> <span class='ocrx_word' id='word_1_258' title='bbox 1075 3666 1226 3735; x_wconf 78' lang='lat' dir='ltr'><strong>Polemone]</strong></span> <span class='ocrx_word' id='word_1_259' title='bbox 1245 3663 1439 3733; x_wconf 85' lang='lat' dir='ltr'><strong>Peripatetiher</strong></span> <span class='ocrx_word' id='word_1_260' title='bbox 1457 3663 1511 3716; x_wconf 91' lang='lat' dir='ltr'><strong>und</strong></span> 
     </span>
     <span class='ocr_line' id='line_1_29' title="bbox 283 3754 1513 3826; baseline -0.006 -15"><span class='ocrx_word' id='word_1_261' title='bbox 283 3757 467 3812; x_wconf 80' lang='lat' dir='ltr'><strong>Ahademiher.</strong></span> <span class='ocrx_word' id='word_1_262' title='bbox 491 3789 525 3797; x_wconf 94' lang='lat'><em>-</em></span> <span class='ocrx_word' id='word_1_263' title='bbox 548 3757 685 3826; x_wconf 77' lang='lat' dir='ltr'><strong>corrupta]</strong></span> <span class='ocrx_word' id='word_1_264' title='bbox 709 3774 744 3810; x_wconf 90' lang='lat' dir='ltr'><strong>zu</strong></span> <span class='ocrx_word' id='word_1_265' title='bbox 765 3755 853 3809; x_wconf 78' lang='lat' dir='ltr'><strong>minis</strong></span> <span class='ocrx_word' id='word_1_266' title='bbox 877 3754 1056 3823; x_wconf 85' lang='lat' dir='ltr'><strong>zeugmatisoh</strong></span> <span class='ocrx_word' id='word_1_267' title='bbox 1076 3755 1132 3822; x_wconf 83' lang='lat' dir='ltr'><strong>(fiir</strong></span> <span class='ocrx_word' id='word_1_268' title='bbox 1149 3754 1294 3821; x_wconf 73' lang='lat' dir='ltr'><strong>delmito).</strong></span> <span class='ocrx_word' id='word_1_269' title='bbox 1319 3783 1351 3793; x_wconf 92' lang='lat'><em>-</em></span> <span class='ocrx_word' id='word_1_270' title='bbox 1377 3757 1448 3805; x_wconf 82' lang='lat' dir='ltr'><strong>retro</strong></span> <span class='ocrx_word' id='word_1_271' title='bbox 1462 3768 1513 3820; x_wconf 83' lang='lat' dir='ltr'><strong>po-</strong></span> 
     </span>
     <span class='ocr_line' id='line_1_30' title="bbox 283 3842 1512 3917; baseline -0.007 -16"><span class='ocrx_word' id='word_1_272' title='bbox 283 3848 382 3917; x_wconf 80' lang='lat' dir='ltr'><strong>nenda]</strong></span> <span class='ocrx_word' id='word_1_273' title='bbox 402 3847 452 3901; x_wconf 87' lang='lat' dir='ltr'><strong>wie</strong></span> <span class='ocrx_word' id='word_1_274' title='bbox 467 3846 659 3917; x_wconf 77' lang='lat' dir='ltr'><strong>postponendo.</strong></span> <span class='ocrx_word' id='word_1_275' title='bbox 685 3877 719 3885; x_wconf 90' lang='lat'><em>-</em></span> <span class='ocrx_word' id='word_1_276' title='bbox 743 3863 771 3899; x_wconf 82' lang='lat' dir='ltr'><strong>ee</strong></span> <span class='ocrx_word' id='word_1_277' title='bbox 788 3845 893 3914; x_wconf 82' lang='lat' dir='ltr'><strong>hahere]</strong></span> <span class='ocrx_word' id='word_1_278' title='bbox 913 3844 993 3914; x_wconf 85' lang='lat' dir='ltr'><strong>„siah</strong></span> <span class='ocrx_word' id='word_1_279' title='bbox 1011 3844 1169 3912; x_wconf 84' lang='lat' dir='ltr'><strong>befinden“,</strong></span> <span class='ocrx_word' id='word_1_280' title='bbox 1194 3844 1243 3896; x_wconf 87' lang='lat' dir='ltr'><strong>mit</strong></span> <span class='ocrx_word' id='word_1_281' title='bbox 1261 3842 1376 3897; x_wconf 79' lang='lat' dir='ltr'><strong>Adverb.</strong></span> <span class='ocrx_word' id='word_1_282' title='bbox 1402 3872 1436 3881; x_wconf 90' lang='lat'><em>-</em></span> <span class='ocrx_word' id='word_1_283' title='bbox 1462 3856 1512 3893; x_wconf 78' lang='lat' dir='ltr'><strong>aoe-</strong></span> 
     </span>
     <span class='ocr_line' id='line_1_31' title="bbox 281 3928 1513 4005; baseline -0.007 -15"><span class='ocrx_word' id='word_1_284' title='bbox 281 3937 400 4005; x_wconf 63' lang='lat' dir='ltr'><strong>polim]</strong></span> <span class='ocrx_word' id='word_1_285' title='bbox 419 3935 451 3990; x_wconf 78' lang='lat' dir='ltr'><strong>in</strong></span> <span class='ocrx_word' id='word_1_286' title='bbox 469 3935 623 3990; x_wconf 72' lang='lat' dir='ltr'><strong>maioribus</strong></span> <span class='ocrx_word' id='word_1_287' title='bbox 640 3934 785 4004; x_wconf 66' lang='lat' dir='ltr'><strong>anqustiis.</strong></span> <span class='ocrx_word' id='word_1_288' title='bbox 806 3966 840 3974; x_wconf 98' lang='lat'>—</span> <span class='ocrx_word' id='word_1_289' title='bbox 858 3935 980 4005; x_wconf 69' lang='lat' dir='ltr'><strong>emieat]</strong></span> <span class='ocrx_word' id='word_1_290' title='bbox 999 3933 1050 3988; x_wconf 85' lang='lat' dir='ltr'><strong>wie</strong></span> <span class='ocrx_word' id='word_1_291' title='bbox 1069 3935 1117 4002; x_wconf 82' lang='lat' dir='ltr'><strong>(se)</strong></span> <span class='ocrx_word' id='word_1_292' title='bbox 1135 3936 1280 4001; x_wconf 66' lang='lat' dir='ltr'><strong>ervmpant.</strong></span> <span class='ocrx_word' id='word_1_293' title='bbox 1300 3961 1334 3969; x_wconf 95' lang='lat'>—</span> <span class='ocrx_word' id='word_1_294' title='bbox 1352 3929 1425 3984; x_wconf 74' lang='lat' dir='ltr'><strong>illud</strong></span> <span class='ocrx_word' id='word_1_295' title='bbox 1446 3928 1513 3983; x_wconf 82' lang='lat' dir='ltr'><strong>Oar-</strong></span> 
     </span>
     <span class='ocr_line' id='line_1_32' title="bbox 284 4018 1514 4097; baseline -0.008 -17"><span class='ocrx_word' id='word_1_296' title='bbox 284 4026 426 4094; x_wconf 67' lang='lat' dir='ltr'><strong>neadeum]</strong></span> <span class='ocrx_word' id='word_1_297' title='bbox 451 4026 534 4094; x_wconf 71' lang='lat' dir='ltr'><strong>„isne</strong></span> <span class='ocrx_word' id='word_1_298' title='bbox 559 4025 672 4079; x_wconf 84' lang='lat' dir='ltr'><strong>Ansioht</strong></span> <span class='ocrx_word' id='word_1_299' title='bbox 693 4024 740 4079; x_wconf 91' lang='lat' dir='ltr'><strong>des</strong></span> <span class='ocrx_word' id='word_1_300' title='bbox 758 4024 934 4078; x_wconf 80' lang='lat' dir='ltr'><strong>Karneades“</strong></span> <span class='ocrx_word' id='word_1_301' title='bbox 954 4023 1177 4097; x_wconf 78' lang='grc' dir='ltr'><strong>(Καρνεαδεῖον),</strong></span> <span class='ocrx_word' id='word_1_302' title='bbox 1201 4021 1244 4075; x_wconf 92' lang='lat' dir='ltr'><strong>die</strong></span> <span class='ocrx_word' id='word_1_303' title='bbox 1263 4020 1364 4086; x_wconf 83' lang='lat' dir='ltr'><strong>Lehrs,</strong></span> <span class='ocrx_word' id='word_1_304' title='bbox 1389 4018 1448 4072; x_wconf 80' lang='lat' dir='ltr'><strong>dass</strong></span> <span class='ocrx_word' id='word_1_305' title='bbox 1470 4018 1514 4071; x_wconf 90' lang='lat' dir='ltr'><strong>die</strong></span> 
     </span>
     <span class='ocr_line' id='line_1_33' title="bbox 286 4112 1134 4192; baseline -0.002 -24"><span class='ocrx_word' id='word_1_306' title='bbox 286 4113 493 4192; x_wconf 80' lang='lat' dir='ltr'><strong>Gliiehseliglreit</strong></span> <span class='ocrx_word' id='word_1_307' title='bbox 509 4114 546 4167; x_wconf 91' lang='lat' dir='ltr'><strong>im</strong></span> <span class='ocrx_word' id='word_1_308' title='bbox 565 4114 685 4169; x_wconf 85' lang='lat' dir='ltr'><strong>Genusse</strong></span> <span class='ocrx_word' id='word_1_309' title='bbox 703 4114 752 4167; x_wconf 89' lang='lat' dir='ltr'><strong>der</strong></span> <span class='ocrx_word' id='word_1_310' title='bbox 765 4113 864 4183; x_wconf 63' lang='lat' dir='ltr'><strong>pruno</strong></span> <span class='ocrx_word' id='word_1_311' title='bbox 880 4118 998 4167; x_wconf 75' lang='lat' dir='ltr'><strong>naturae</strong></span> <span class='ocrx_word' id='word_1_312' title='bbox 1016 4112 1134 4167; x_wconf 87' lang='lat' dir='ltr'><strong>bestehe.</strong></span> 
     </span>
    </p>

    <p class='ocr_par' dir='ltr' id='par_1_7' title="bbox 285 4205 1514 4460">
     <span class='ocr_line' id='line_1_34' title="bbox 358 4205 1513 4282; baseline -0.01 -13"><span class='ocrx_word' id='word_1_313' title='bbox 358 4224 399 4269; x_wconf 77' lang='grc'><strong>88.</strong></span> <span class='ocrx_word' id='word_1_314' title='bbox 418 4212 612 4282; x_wconf 78' lang='lat' dir='ltr'><strong>voluptarium]</strong></span> <span class='ocrx_word' id='word_1_315' title='bbox 627 4211 894 4282; x_wconf 83' lang='lat' dir='ltr'><strong>„Genulsmensoh“,</strong></span> <span class='ocrx_word' id='word_1_316' title='bbox 908 4212 993 4266; x_wconf 76' lang='lat' dir='ltr'><strong>lifters</strong></span> <span class='ocrx_word' id='word_1_317' title='bbox 1006 4213 1052 4265; x_wconf 79' lang='lat' dir='ltr'><strong>fiir</strong></span> <span class='ocrx_word' id='word_1_318' title='bbox 1061 4209 1214 4265; x_wconf 82' lang='lat' dir='ltr'><strong>Hedonilrer</strong></span> <span class='ocrx_word' id='word_1_319' title='bbox 1222 4209 1318 4278; x_wconf 76' lang='grc' dir='ltr'>(ἡδονὴ</span> <span class='ocrx_word' id='word_1_320' title='bbox 1331 4205 1470 4275; x_wconf 76' lang='lat' dir='ltr'><strong>voluptas).</strong></span> <span class='ocrx_word' id='word_1_321' title='bbox 1479 4237 1513 4244; x_wconf 96' lang='lat'>—</span> 
     </span>
     <span class='ocr_line' id='line_1_35' title="bbox 285 4293 1514 4371; baseline -0.006 -16"><span class='ocrx_word' id='word_1_322' title='bbox 285 4302 377 4355; x_wconf 91' lang='lat' dir='ltr'><strong>Wenn</strong></span> <span class='ocrx_word' id='word_1_323' title='bbox 401 4301 445 4356; x_wconf 90' lang='lat' dir='ltr'><strong>die</strong></span> <span class='ocrx_word' id='word_1_324' title='bbox 464 4301 590 4356; x_wconf 81' lang='lat' dir='ltr'><strong>hutarkie</strong></span> <span class='ocrx_word' id='word_1_325' title='bbox 608 4302 657 4355; x_wconf 90' lang='lat' dir='ltr'><strong>der</strong></span> <span class='ocrx_word' id='word_1_326' title='bbox 674 4301 781 4371; x_wconf 73' lang='lat' dir='ltr'><strong>legend</strong></span> <span class='ocrx_word' id='word_1_327' title='bbox 799 4300 849 4355; x_wconf 90' lang='lat' dir='ltr'><strong>mit</strong></span> <span class='ocrx_word' id='word_1_328' title='bbox 866 4302 928 4355; x_wconf 88' lang='lat' dir='ltr'><strong>dem</strong></span> <span class='ocrx_word' id='word_1_329' title='bbox 947 4300 1148 4370; x_wconf 86' lang='lat' dir='ltr'><strong>epilureisehen</strong></span> <span class='ocrx_word' id='word_1_330' title='bbox 1167 4298 1273 4366; x_wconf 80' lang='lat' dir='ltr'><strong>System</strong></span> <span class='ocrx_word' id='word_1_331' title='bbox 1291 4293 1453 4363; x_wconf 80' lang='lat' dir='ltr'><strong>vertrllglieh</strong></span> <span class='ocrx_word' id='word_1_332' title='bbox 1470 4293 1514 4361; x_wconf 86' lang='lat' dir='ltr'><strong>ist,</strong></span> 
     </span>
     <span class='ocr_line' id='line_1_36' title="bbox 285 4384 1514 4460; baseline -0.007 -16"><span class='ocrx_word' id='word_1_333' title='bbox 285 4408 333 4444; x_wconf 91' lang='lat' dir='ltr'><strong>nm</strong></span> <span class='ocrx_word' id='word_1_334' title='bbox 350 4390 401 4445; x_wconf 81' lang='lat' dir='ltr'><strong>wie</strong></span> <span class='ocrx_word' id='word_1_335' title='bbox 419 4391 472 4445; x_wconf 87' lang='lat' dir='ltr'><strong>viel</strong></span> <span class='ocrx_word' id='word_1_336' title='bbox 490 4391 568 4445; x_wconf 87' lang='lat' dir='ltr'><strong>mehr</strong></span> <span class='ocrx_word' id='word_1_337' title='bbox 585 4391 634 4444; x_wconf 89' lang='lat' dir='ltr'><strong>mit</strong></span> <span class='ocrx_word' id='word_1_338' title='bbox 651 4392 704 4446; x_wconf 87' lang='lat' dir='ltr'><strong>den</strong></span> <span class='ocrx_word' id='word_1_339' title='bbox 723 4391 855 4445; x_wconf 82' lang='lat' dir='ltr'><strong>auderent</strong></span> <span class='ocrx_word' id='word_1_340' title='bbox 880 4422 915 4430; x_wconf 90' lang='lat'><strong>—-</strong></span> <span class='ocrx_word' id='word_1_341' title='bbox 939 4390 1066 4460; x_wconf 82' lang='lat' dir='ltr'><strong>appellat]</strong></span> <span class='ocrx_word' id='word_1_342' title='bbox 1085 4389 1114 4441; x_wconf 92' lang='lat' dir='ltr'><strong>in</strong></span> <span class='ocrx_word' id='word_1_343' title='bbox 1132 4388 1233 4442; x_wconf 89' lang='lat' dir='ltr'><strong>seinem</strong></span> <span class='ocrx_word' id='word_1_344' title='bbox 1252 4385 1352 4439; x_wconf 85' lang='lat' dir='ltr'><strong>letzten</strong></span> <span class='ocrx_word' id='word_1_345' title='bbox 1371 4384 1462 4438; x_wconf 85' lang='lat' dir='ltr'><strong>Brieie</strong></span> <span class='ocrx_word' id='word_1_346' title='bbox 1481 4399 1514 4436; x_wconf 86' lang='lat' dir='ltr'><strong>an</strong></span> 
     </span>
    </p>
   </div>
   <div class='ocr_carea' id='block_1_6' title="bbox 286 4470 1515 4639">
    <p class='ocr_par' dir='ltr' id='par_1_8' title="bbox 286 4470 1515 4639">
     <span class='ocr_line' id='line_1_37' title="bbox 286 4470 1515 4550; baseline -0.009 -15"><span class='ocrx_word' id='word_1_347' title='bbox 286 4480 437 4535; x_wconf 84' lang='lat' dir='ltr'><strong>Hormareh</strong></span> <span class='ocrx_word' id='word_1_348' title='bbox 454 4481 487 4535; x_wconf 92' lang='lat' dir='ltr'><strong>de</strong></span> <span class='ocrx_word' id='word_1_349' title='bbox 505 4480 554 4534; x_wconf 77' lang='lat' dir='ltr'><strong>fin.</strong></span> <span class='ocrx_word' id='word_1_350' title='bbox 568 4481 605 4550; x_wconf 84' lang='lat'><strong>11,</strong></span> <span class='ocrx_word' id='word_1_351' title='bbox 623 4483 667 4548; x_wconf 88' lang='grc'><strong>96,</strong></span> <span class='ocrx_word' id='word_1_352' title='bbox 686 4497 727 4534; x_wconf 85' lang='lat' dir='ltr'><strong>wo</strong></span> <span class='ocrx_word' id='word_1_353' title='bbox 745 4480 788 4534; x_wconf 91' lang='lat' dir='ltr'><strong>die</strong></span> <span class='ocrx_word' id='word_1_354' title='bbox 803 4470 990 4548; x_wconf 78' lang='lat' dir='ltr'><strong>llbersetzung</strong></span> <span class='ocrx_word' id='word_1_355' title='bbox 1008 4476 1149 4547; x_wconf 80' lang='lat' dir='ltr'><strong>mitgeteilt</strong></span> <span class='ocrx_word' id='word_1_356' title='bbox 1167 4476 1247 4530; x_wconf 87' lang='lat' dir='ltr'><strong>wird:</strong></span> <span class='ocrx_word' id='word_1_357' title='bbox 1268 4472 1515 4543; x_wconf 75' lang='lat' dir='ltr'><strong>„Compenssbatur</strong></span> 
     </span>
     <span class='ocr_line' id='line_1_38' title="bbox 288 4560 1515 4639; baseline -0.009 -15"><span class='ocrx_word' id='word_1_358' title='bbox 288 4569 499 4639; x_wconf 79' lang='lat' dir='ltr'><strong>(„gleiehlram“)</strong></span> <span class='ocrx_word' id='word_1_359' title='bbox 513 4571 603 4624; x_wconf 83' lang='lat' dir='ltr'><strong>tamen</strong></span> <span class='ocrx_word' id='word_1_360' title='bbox 616 4587 677 4625; x_wconf 90' lang='lat' dir='ltr'><strong>enm</strong></span> <span class='ocrx_word' id='word_1_361' title='bbox 690 4570 732 4624; x_wconf 94' lang='lat' dir='ltr'><strong>his</strong></span> <span class='ocrx_word' id='word_1_362' title='bbox 744 4570 867 4624; x_wconf 90' lang='lat' dir='ltr'><strong>omnibus</strong></span> <span class='ocrx_word' id='word_1_363' title='bbox 877 4568 980 4638; x_wconf 83' lang='lat' dir='ltr'><strong>(„allen</strong></span> <span class='ocrx_word' id='word_1_364' title='bbox 989 4567 1096 4622; x_wconf 80' lang='lat' dir='ltr'><strong>melnen</strong></span> <span class='ocrx_word' id='word_1_365' title='bbox 1106 4565 1300 4633; x_wconf 85' lang='lat' dir='ltr'><strong>Sehmerzen“)</strong></span> <span class='ocrx_word' id='word_1_366' title='bbox 1313 4561 1394 4617; x_wconf 88' lang='lat' dir='ltr'><strong>animi</strong></span> <span class='ocrx_word' id='word_1_367' title='bbox 1406 4560 1515 4627; x_wconf 87' lang='lat' dir='ltr'><strong>laetitia,</strong></span> 
     </span>
    </p>
   </div>
   <div class='ocr_carea' id='block_1_7' title="bbox 0 0 1844 5225">
    <p class='ocr_par' dir='ltr' id='par_1_9' title="bbox 0 0 1844 5225">
     <span class='ocr_line' id='line_1_39' title="bbox 0 0 1844 5225; baseline 0 0"><span class='ocrx_word' id='word_1_368' title='bbox 0 0 1844 5225; x_wconf 95' lang='lat' dir='ltr'><strong> </strong></span> 
     </span>
    </p>
   </div>
  </div>
 </body>
</html>
