3642 5225
272 649 306 712 et
327 664 391 711 non
415 646 449 710 et
471 644 592 710 oriatur
615 662 634 709 a
657 662 692 709 se
722 645 756 708 et
777 660 890 708 rursus
915 642 955 707 ad
980 661 1014 707 se
1037 643 1219 707 revertatur
1250 642 1284 706 et
1312 640 1425 706 omnia
1449 659 1518 707 sua

272 753 437 836 complexa
459 750 539 816 nihil
562 752 697 834 quaerat
720 748 857 826 aliunde,
879 768 944 814 non
966 749 1126 831 intellego,
1149 767 1206 814 eur
1228 749 1287 814 ant
1305 747 1414 814 verbis
1438 750 1516 815 tum

272 859 478 924 vehementer
508 858 651 923 ornanda
680 860 737 922 eut
765 876 800 922 re
830 859 997 941 tantopere
1027 855 1204 941 expetenda
1234 840 1410 921 videatnr.“
1457 854 1517 921 Ad

272 965 353 1031 haec
381 965 465 1030 bona
487 983 538 1030 me
562 965 590 1028 si
612 982 758 1042 revocas,
787 963 941 1047 Epicure,
969 981 1082 1047 pareo,
1112 981 1245 1045 sequor,
1273 962 1348 1027 utor
1377 963 1517 1048 teipso

273 1072 363 1150 duco,
386 1072 553 1137 obliviscor
576 1071 675 1137 etiam
698 1071 868 1148 malorum,
892 1072 930 1134 ut
951 1070 1051 1146 iubes,
1074 1088 1174 1152 eoque
1197 1068 1332 1148 facilius,
1356 1068 1447 1153 quod
1470 1088 1517 1135 ea

273 1197 315 1244 ne
343 1178 377 1243 in
404 1178 499 1244 malie
527 1177 657 1262 quidem
686 1175 833 1261 ponenda
862 1195 984 1241 censeo.
1031 1175 1094 1241 Sed
1123 1175 1265 1241 traducis
1295 1176 1515 1258 cogitationes
1615 1208 1619 1215 ·

273 1304 362 1352 meas
393 1285 435 1350 ad
462 1285 654 1370 voluptates.
700 1283 813 1364 Quas?
851 1282 1014 1367 Corporis,
1044 1283 1152 1360 credo,
1182 1286 1240 1349 aut
1263 1301 1345 1365 quac
1374 1286 1516 1368 propter

273 1412 387 1476 corpus
411 1394 462 1457 rel
484 1393 701 1458 recordatione
718 1392 768 1457 rel
792 1410 847 1474 spe
871 1391 1061 1473 cogitentur.
1106 1390 1194 1455 Num
1218 1390 1297 1472 quid
1320 1392 1371 1455 est
1393 1390 1514 1456 aliud?

272 1502 400 1566 rectene
434 1501 626 1584 interpretor
660 1499 853 1564 sententiam
882 1499 998 1562 tuam?
1045 1497 1154 1562 Solent
1183 1498 1269 1563 enim
1297 1497 1352 1562 isti
1385 1515 1513 1580 negare

231 1625 331 1672 aenos
354 1607 556 1689 intellegere,
586 1606 662 1689 quid
686 1605 773 1671 dicat
795 1605 961 1688 Epicurus.
1007 1605 1076 1670 Hoc
1104 1605 1181 1670 dicit
1208 1607 1242 1670 et
1263 1605 1325 1670 hoc
1345 1604 1399 1670 ille
1425 1605 1514 1671 acri-

274 1715 366 1780 culus
389 1733 441 1779 me
465 1714 615 1779 audiente
639 1713 773 1778 Athenis
798 1731 893 1778 senex
918 1712 1011 1788 Zeno,
1034 1712 1169 1777 istorum
1192 1711 1407 1790 acutissimus,
1431 1731 1513 1777 con-

273 1820 404 1885 tendere
428 1822 462 1885 et
484 1839 602 1903 magna
617 1839 692 1885 voce
709 1820 813 1885 dicere
830 1820 961 1898 solebat,
985 1838 1059 1884 cum
1082 1837 1152 1884 esse
1174 1820 1316 1896 beatum,
1340 1819 1396 1901 qui
1409 1837 1513 1903 prae-

274 1928 418 1992 sentibus
442 1927 660 2011 voluptatibus
683 1926 844 1992 frueretur
866 1926 1102 2007 confideretque
1133 1943 1167 1990 se
1190 1924 1367 1990 fruiturum
1390 1927 1451 1990 aut
1473 1926 1512 1991 in

274 2035 360 2099 omni
383 2034 497 2099 autin
519 2053 637 2117 magna
663 2038 755 2118 parte
781 2034 863 2098 ritae
888 2033 994 2098 dolore
1023 2052 1087 2097 non
1117 2033 1348 2098 interveniente
1372 2036 1447 2111 aut,
1480 2033 1512 2099 si

1584 301 1595 373 Ι

270 481 307 543 48
668 479 877 535 Tusculmurum
896 478 1103 549 disputationum
1586 394 1607 547 ἰ

1588 586 1599 751 i

1593 764 1599 853 l

273 2282 406 2351 dingen“)
431 2283 477 2335 aut
498 2281 567 2336 bene
592 2283 639 2335 aut
656 2280 727 2335 male
745 2279 852 2335 vivendi
877 2294 1020 2348 suspensas
1039 2278 1137 2334 habere
1156 2279 1303 2334 rationes“.
1332 2310 1367 2320 -
1393 2283 1418 2333 et
1436 2281 1510 2351 noa]

274 2369 350 2424 nicht
367 2387 458 2439 neptae,
476 2369 537 2424 weil
556 2370 604 2424 das
623 2369 848 2439 Vorausgehende
866 2386 919 2422 nur
936 2370 1044 2438 negotiu
1062 2370 1181 2439 gegeben
1199 2368 1274 2423 wire.
1304 2400 1338 2409 -
1365 2369 1512 2425 malonem

336 2458 370 2512 ia
387 2458 482 2529 mdia]
501 2458 693 2514 vcrschiedene
712 2459 871 2528 Bedeutuug
888 2459 936 2513 des
955 2459 1071 2514 Wortes
1098 2491 1132 2500 -
1159 2457 1292 2528 wrporsb]
1310 2457 1361 2512 Ein
1379 2458 1511 2526 Adiektiv

275 2547 469 2618 „kdrpcrlich“
488 2547 535 2603 hat
552 2548 659 2604 Ciceros
677 2548 736 2603 Zeit
753 2548 829 2603 nicht
847 2548 927 2620 (auch
945 2548 1007 2602 lein
1025 2548 1189 2617 Bedi'utnis).
1210 2579 1244 2588 -
1264 2552 1374 2619 propter
1396 2549 1510 2621 corpus]

275 2638 358 2707 „dem
372 2639 477 2708 Korper
495 2638 613 2693 aulieb“.
650 2640 805 2709 Torquatus,
824 2639 873 2694 der
888 2638 932 2693 die
946 2639 1033 2693 Lehrc
1047 2638 1169 2708 Epilurs,
1187 2638 1221 2693 de
1238 2637 1324 2703 fln.1,
1343 2636 1511 2708 entwickelt,

274 2729 333 2796 sagt
350 2729 376 2796 (ξ
391 2727 450 2796 old:
469 2743 601 2795 „corpore
619 2726 687 2781 nihil
703 2727 757 2781 nisi
774 2743 901 2796 praesens
920 2729 948 2783 et
961 2728 1031 2797 quod
1045 2728 1121 2782 adest
1134 2726 1233 2783 sentire
1247 2742 1397 2798 possumus,
1416 2727 1511 2783 animo
1597 2791 1601 2796 ⁴

274 2820 365 2871 autem
383 2818 411 2870 et
427 2816 572 2885 praeterita
590 2819 618 2871 ct
635 2817 729 2870 lutura
746 2817 807 2886 (wie
824 2819 909 2872 unten
927 2817 1112 2872 recordatione
1124 2817 1165 2872 ccl
1181 2820 1245 2887 ope).
1281 2816 1321 2872 Ut
1334 2815 1407 2871 enim
1420 2832 1511 2887 aeque

274 2903 411 2959 doleamus
430 2904 531 2973 animo,
555 2922 618 2960 curn
636 2921 746 2974 corpore
764 2905 899 2974 dolemus,
922 2906 984 2961 fieri
1003 2909 1093 2961 tamen
1111 2922 1256 2977 permagna
1273 2905 1390 2962 accessio
1408 2908 1511 2976 potest,

275 2993 299 3048 si
321 2992 427 3063 aliquod
451 2997 590 3050 aeternum
618 2998 647 3050 et
668 2995 807 3049 infinitum
828 2995 984 3065 impendere
1007 2995 1108 3050 melum
1130 2996 1207 3051 nobis
1233 2995 1381 3065 opinemur.
1428 2994 1511 3061 Quod

274 3081 346 3137 idem
359 3081 424 3138 licet
436 3084 584 3139 menuerre
597 3084 626 3138 in
639 3083 812 3154 voluptatem,
831 3088 862 3139 ut
879 3101 911 3139 ea
924 3084 1009 3139 maior
1027 3084 1069 3152 sit,
1088 3085 1112 3138 si
1129 3084 1196 3138 nihii
1210 3084 1265 3139 tale
1278 3086 1461 3139 metuamus“.
1472 3116 1511 3126 —

275 3160 352 3227 door
368 3173 552 3229 murem
569 3174 609 3229 ar
625 3191 672 3244 epe
690 3190 712 3228 s.
731 3190 755 3228 ο.
775 3176 791 3244 c
808 3176 844 3231 ne
866 3175 981 3244 (ceap
1009 3205 1045 3216 -
1071 3174 1148 3228 Nem
1166 3173 1235 3244 qua
1252 3174 1305 3244 ...]
1324 3173 1425 3243 rupuar
1442 3174 1512 3229 ouer

276 3260 320 3315 ein
338 3262 485 3331 Epikureer
507 3263 565 3333 gibt
588 3264 646 3318 sein
664 3263 812 3319 Mil'slallen
829 3281 863 3318 zu
889 3262 1034 3318 erlcnnen.
1063 3294 1097 3303 -
1126 3263 1218 3317 Solent
1297 3261 1361 3332 ceti]
1380 3261 1512 3318 Disselbe

276 3349 361 3420 Klage
379 3352 428 3405 der
440 3352 588 3421 llpilrurcer
604 3352 638 3407 de
656 3353 705 3406 fin.
720 3352 757 3420 11,
771 3353 860 3422 20fi.;
880 3352 908 3406 in
926 3353 975 3407 der
987 3354 1036 3407 lat
1054 3353 1162 3407 werden
1179 3352 1223 3407 die
1240 3351 1371 3421 geistigen
1384 3352 1511 3408 Gentisse
1628 3383 1636 3428 l

275 3438 332 3492 und
349 3439 392 3492 die
410 3439 581 3509 Sophrosyne
599 3440 638 3493 im
656 3440 800 3495 Genielsen
818 3458 871 3496 von
890 3439 983 3496 Cicero
1005 3440 1081 3495 nicht
1099 3440 1196 3510 riohtig
1212 3440 1375 3510 gewiirdigt,
1400 3439 1451 3495 wic
1478 3458 1513 3495 er
1629 3449 1636 3456 '

275 3526 428 3597 iiberhuupt
445 3530 493 3583 auf
510 3528 553 3583 die
566 3528 714 3598 Epilureer
731 3531 813 3583 etwas
831 3529 929 3599 pikiert
947 3530 1082 3584 erscheint
1100 3532 1178 3600 (trotz
1197 3530 1286 3584 eeiner
1304 3528 1511 3598 epikureischen
1629 3463 1641 3634 ἱ

276 3615 400 3671 Freunde
413 3617 527 3687 Atticus,
540 3618 687 3688 Torquatus
700 3633 727 3672 ιι.
737 3634 770 3686 a,
789 3618 842 3687 vgl.
861 3620 934 3689 ἕδος
955 3619 1096 3687 „studiose
1108 3620 1198 3674 dicere
1213 3621 1306 3674 contra
1318 3618 1465 3688 Epicurum
1470 3621 1510 3688 “).
1631 3637 1642 3756 ¹

350 3718 391 3763 aa.
410 3706 560 3778 maduo]
579 3706 728 3762 Diminutiv
746 3724 780 3761 au
798 3724 861 3762 acer
879 3710 910 3778 (s.
929 3708 1003 3778 §2):
1023 3709 1095 3777 „der
1112 3707 1200 3763 ldeine
1218 3707 1426 3763 Scherimacher
1443 3709 1510 3777 (von

278 3794 366 3849 ornem
377 3835 383 3848 .
394 3835 401 3848 .
412 3795 443 3864 .);
461 3795 641 3851 metemur
656 3822 688 3843 -
703 3797 753 3852 rer
765 3796 1018 3867 oummngsee.
1039 3828 1072 3838 -
1091 3798 1172 3868 m]
1187 3813 1235 3852 aus
1248 3796 1339 3867 eroon,
1359 3795 1510 3854 rev.cn1.
1633 3761 1643 3944 Ι

277 3899 332 3937 von
349 3882 442 3940 cicero
459 3885 515 3939 und
533 3885 640 3941 Atticus
657 3887 764 3956 gehbrt3
788 3886 877 3956 cota,
902 3887 952 3942 der
968 3886 1011 3941 die
1035 3887 1153 3943 echonen
1171 3886 1361 3957 Darlegungen
1377 3887 1425 3941 des
1443 3885 1511 3956 llpi·
1639 3949 1642 3956 ¹

276 3972 387 4028 knreers
400 3973 530 4044 Velleius,
549 3976 583 4030 de
596 3978 651 4031 nat
666 3976 737 4031 deor.
752 3976 775 4045 I,
793 3976 938 4046 bektmptt,
957 3978 1016 4046 segt
1029 3977 1062 4047 (I,
1076 3977 1134 4045 59):
1153 4016 1170 4044 „
1177 3976 1321 4045 Zenonem,
1335 3992 1416 4045 quem
1429 3974 1511 4030 Philo
1635 3987 1644 4078 ¹

277 4064 369 4117 noster
387 4064 467 4134 (auch
485 4063 587 4119 Iehrer
604 4064 722 4135 Ciceros)
741 4065 921 4135 coryphaeum
946 4064 1081 4135 appellere
1099 4065 1284 4135 Epicuriorum
1302 4064 1419 4132 solebat,
1444 4080 1509 4118 cum
1636 4083 1645 4170 ¹

277 4151 391 4206 Athenis
409 4169 505 4221 essem,
524 4153 664 4209 audiebam
682 4155 839 4225 frequenter
857 4158 885 4209 et
902 4154 1010 4225 quidem
1027 4154 1085 4224 ipso
1103 4156 1211 4210 auctore
1229 4153 1351 4222 Philone,
1370 4153 1458 4218 credo,
1477 4156 1511 4207 ut

278 4240 384 4296 lucilius
407 4241 554 4298 iudicarem
572 4259 652 4313 qnam
676 4243 723 4298 illa
744 4244 813 4300 bene
838 4243 1040 4312 refellerentur,
1064 4260 1125 4299 cum
1150 4243 1304 4313 aprinoipe
1323 4242 1511 4312 llpicuriorum

278 4329 441 4398 accepissem
455 4333 678 4402 quemadmodum
690 4333 851 4389 dicerentur.
883 4332 946 4388 Non
959 4332 1041 4403 igitur
1054 4332 1100 4388 ille
1113 4335 1144 4387 ut
1157 4332 1285 4404 plerique,
1304 4334 1351 4387 sed
1364 4332 1416 4387 isto
1428 4332 1510 4386 modo

278 4417 323 4487 (=
342 4419 373 4471 ut
390 4419 444 4491 tn),
468 4419 593 4477 distincte
611 4422 775 4494 (glttnzend),
799 4423 930 4493 graviter,
954 4423 1077 4478 omete“.
1114 4422 1152 4478 Er
1172 4422 1246 4478 hatte
1269 4421 1335 4477 aber
1356 4420 1425 4477 auch
1448 4420 1510 4475 eine

277 4504 341 4562 bdse
356 4506 446 4577 Zungc
459 4509 514 4563 und
523 4509 620 4580 lleder3
639 4527 669 4567 so
686 4514 787 4569 nannte
802 4527 833 4567 er
845 4511 969 4567 Sokrates
986 4512 1041 4567 den
1054 4511 1188 4567 attischen
1200 4511 1361 4567 Hanswurst
1379 4513 1507 4580 (ecum),
1639 4437 1645 4640 Ι
