3642 5225
740 539 798 596 Lib.
816 540 867 609 III,
886 556 909 594 c.
929 542 1043 598 13-14.
1471 539 1508 600 48

280 702 470 780 adveutum,
494 720 575 784 quae
597 701 759 767 venientia
779 703 873 785 longe
896 706 971 769 ante
995 704 1120 770 videris.
1165 703 1281 787 Itaque
1306 702 1390 787 apud
1413 703 1507 767 Euri-

278 809 374 893 piden
397 827 416 874 a
438 809 559 874 Theseo
583 808 668 873 dieta
691 808 880 885 laudantur;
910 810 987 875 host
1009 811 1103 889 enim,
1126 812 1164 875 ut
1186 829 1280 895 saepe
1304 809 1449 886 facimus,
1472 809 1507 874 in·

277 916 430 982 Latinum
452 917 508 980 illa
531 917 730 981 convertere:

389 1041 485 1107 Nam
509 1041 578 1124 qui
599 1041 697 1107 hade
720 1041 864 1107 audita
887 1060 907 1106 a
930 1042 1049 1108 dioto
1072 1042 1349 1109 meminissem
1371 1043 1474 1122 viro,

388 1149 568 1214 Futriras
590 1167 744 1213 meeum
766 1149 1074 1214 commentabar
1096 1150 1307 1229 miserias,

387 1257 469 1322 Aut
490 1256 664 1321 mortem
687 1257 875 1321 acerbam
898 1258 969 1321 aut
992 1256 1116 1323 exsili
1138 1257 1338 1323 maestam
1367 1256 1505 1340 fugam

387 1364 468 1427 Aut
491 1362 651 1446 simper
674 1363 856 1447 aliquam
878 1364 1025 1428 molem
1048 1363 1281 1429 meditabir
1303 1364 1415 1444 mali,

387 1470 456 1549 Ut,
479 1469 515 1534 si
538 1488 615 1553 qua
637 1470 805 1536 invoota
828 1470 980 1546 diritas
1004 1472 1101 1536 oasri
1122 1470 1246 1551 foret,

387 1577 443 1643 Ne
466 1597 525 1643 me
548 1576 788 1662 inparatum
811 1577 906 1643 orire
928 1577 1139 1644 laceraret
1161 1597 1316 1663 repens.

278 1711 371 1793 Quod
400 1713 509 1776 autem
537 1712 678 1777 Theseus
709 1730 728 1776 a
757 1711 849 1778 dooto
879 1731 914 1778 se
949 1712 1075 1778 audisse
1106 1713 1198 1792 dioit,
1231 1713 1264 1778 id
1299 1713 1338 1778 de
1371 1733 1405 1780 se
1434 1714 1548 1798 ipsam

277 1819 420 1901 loquitur
448 1818 625 1902 Euripides.
669 1819 790 1883 Fuerat
818 1820 904 1884 enim
931 1820 1058 1885 auditor
1085 1823 1306 1904 Anaxagorae,
1336 1841 1432 1904 quem
1460 1821 1506 1888 ie·

277 1927 357 1990 runt
389 1926 538 1990 nuntiata
572 1928 673 1991 morte
707 1926 766 1990 filii
799 1926 932 1991 dixisse:
968 1926 1181 2005 „Solebam
1214 1947 1273 1994 me
1308 1930 1505 2012 genuisse

275 2033 520 2098 mortalem.“
573 2033 663 2113 Quae
692 2053 751 2099 vox
780 2034 923 2099 declarat
952 2034 991 2098 iis
1022 2053 1091 2100 esse
1121 2035 1201 2101 haee
1230 2037 1358 2115 aoerba,
1388 2037 1504 2119 quibus

275 2158 339 2204 uon
362 2139 482 2205 luerint
504 2141 652 2223 rogitatu.
697 2142 782 2224 lingo
810 2142 843 2206 id
874 2140 1003 2223 quidem
1025 2161 1090 2206 non
1113 2142 1258 2220 dubium,
1290 2143 1365 2225 quin
1390 2144 1505 2221 omnio,

277 2264 358 2329 quae
392 2248 478 2312 mala
511 2250 684 2331 putentur,
722 2250 787 2313 sint
822 2250 994 2333 improvisa
1028 2249 1182 2332 graviora.
1238 2250 1354 2332 Itaque
1393 2269 1505 2332 quam-

277 2371 375 2436 quam
403 2374 468 2420 non
496 2356 576 2420 haee
605 2375 670 2420 una
699 2375 750 2421 res
779 2355 877 2421 effioit
906 2357 1080 2422 maximam
1110 2356 1355 2440 aegritudinem,
1385 2358 1504 2436 tamen,

278 2461 430 2541 quoniam
462 2463 603 2528 multum
637 2465 745 2547 potest
777 2465 914 2548 provisio
949 2465 1048 2529 animi
1079 2466 1110 2528 et
1144 2463 1344 2548 praeparatio
1375 2463 1416 2528 ad
1444 2464 1505 2528 mi·

274 2568 438 2634 nuendum
462 2569 615 2649 dolorem,
645 2571 710 2636 sint
737 2589 862 2655 semper
891 2571 998 2637 omnia
1024 2571 1145 2637 homini
1174 2571 1316 2636 humana
1338 2570 1504 2636 meditata.

274 2675 318 2740 at
344 2676 496 2741 nimirum
524 2677 605 2743 haee
633 2680 683 2743 est
712 2679 768 2743 illa
796 2681 964 2762 praestans
992 2682 1025 2744 et
1048 2679 1155 2744 divina
1178 2679 1347 2762 sapientia,
1377 2682 1411 2743 et
1432 2697 1504 2763 per·

277 2783 387 2865 septas
414 2784 543 2866 penitus
573 2787 606 2849 et
632 2805 689 2869 per
719 2788 873 2852 tractatas
902 2806 954 2851 res
984 2787 1142 2852 humanas
1171 2787 1303 2866 habere,
1337 2786 1417 2851 nihil
1447 2787 1504 2852 ad·

275 2948 484 2955 --......——....

345 3047 422 3119 Kap.
443 3050 493 3105 14.
533 3063 573 3104 ae.
593 3051 669 3120 lonqe
686 3053 758 3120 arete]
779 3067 847 3119 „aus
861 3051 956 3106 weiter
970 3052 1087 3106 Femei‘.
1107 3083 1142 3092 -
1160 3051 1271 3122 sadada]
1290 3052 1363 3106 Peri.
1378 3051 1457 3120 Kouj.
1470 3083 1503 3092 -

274 3137 440 3208 eampum]
459 3142 516 3193 Ans
534 3140 594 3195 dem
609 3141 749 3208 „Theseus
757 3144 772 3171 “
787 3141 835 3194 des
848 3141 996 3209 Euripides.
1034 3141 1111 3195 Naeh
1128 3140 1257 3195 Plutarch
1274 3141 1359 3195 lautet
1377 3140 1423 3194 das
1443 3139 1503 3195 Ori-

273 3226 344 3297 ginal
363 3228 506 3298 (Nauck,
524 3229 647 3299 Fragm’
665 3231 741 3299 toll:

328 3321 383 3391 ἐγὼ
401 3321 433 3375 δὲ
452 3332 539 3375 ταῦτα
559 3323 635 3392 παρὰ
655 3332 747 3393 σοφοῦ
765 3342 840 3383 τινος
856 3324 968 3395 μαθών,

328 3415 366 3471 εἰς
384 3410 537 3483 φροντίδας
554 3422 621 3465 νοῦν
639 3414 787 3485 συμφοράς
805 3406 830 3464 τ’
847 3412 1002 3484 ἐβαλλόμην
1019 3408 1120 3478 (lenite
1138 3410 1192 3464 den
1211 3407 1285 3463 Gelai
1303 3410 1350 3463 auf
1369 3408 1430 3477 ...),

329 3503 422 3572 φυγάς
440 3497 467 3554 τ’
483 3503 594 3573 ἐμαυτῷ
613 3505 774 3571 προστιθεὶς
793 3504 901 3572 πάτρας
919 3502 987 3574 ἐμῆς

326 3594 469 3653 θανάτους
487 3588 512 3644 τ’
530 3592 663 3662 ἀώρους
681 3588 818 3659 (anzeilig)
836 3595 883 3645 καὶ
901 3601 992 3645 κακῶν
1012 3593 1095 3652 άλλας
1113 3591 1203 3656 ὁδούς,

327 3683 370 3745 ὡς,
385 3674 417 3735 ἐἴ
432 3701 459 3734 τι
478 3676 618 3753 πάσχοιμ’
636 3675 680 3734 ὧν.
699 3681 830 3743 ἐδόξαζον
848 3685 930 3752 φρενί
947 3678 1114 3749 (vorsiellie),

326 3772 366 3839 μή
383 3791 435 3832 μοι
446 3781 541 3844 νεῶρες
559 3771 630 3838 (nen,
649 3770 822 3837 unerwariet)
841 3772 1005 3843 reportaretis
1016 3773 1125 3844 μᾶλλον
1138 3771 1222 3825 δάκοι
1238 3769 1343 3837 (δάκνω
1356 3768 1452 3836 wado).
1467 3797 1502 3808 -

273 3868 378 3937 rdpme]
393 3866 469 3921 nicht
481 3866 568 3921 selten
580 3891 616 3911 =
628 3866 795 3935 rdpenia‘nue.
810 3898 844 3907 -
858 3866 909 3921 Die
922 3866 1044 3921 Klarheit
1057 3866 1112 3920 und
1124 3865 1297 3921 Einiaohheit
1309 3866 1356 3920 des
1371 3865 1502 3934 Originals

273 3955 311 4011 ist
327 3956 412 4009 durch
429 3955 564 4010 Sohwulst
581 3956 629 4009 der
648 3944 834 4025 iibersetzung
851 3956 1004 4025 rendringt.
1024 3986 1058 3995 —
1083 3955 1195 4025 diriter]
1215 3953 1502 4023 „Sohiolrsalesehlag“

274 4044 372 4114 (diruas,
391 4045 457 4100 dira
473 4045 638 4115 memmius).

348 4148 389 4191 aa.
408 4135 599 4205 Amoeoporae]
625 4135 681 4189 Aul
699 4135 752 4190 den
776 4135 884 4205 grossen
901 4134 1019 4190 Einiluls
1038 4135 1086 4190 des
1103 4136 1276 4203 Anaxagoras
1299 4133 1356 4202 (aui
1373 4131 1502 4204 Perilleo,

274 4223 429 4292 Archelaus,
447 4224 598 4294 Euripides)
617 4225 694 4280 weist
712 4224 805 4281 Oioero
823 4224 982 4282 wiederholt
998 4224 1053 4279 hin.
1073 4257 1108 4266 -
1133 4223 1242 4294 quibus]
1262 4225 1322 4279 Dat.
1341 4225 1388 4279 fiir
1404 4242 1424 4280 ο
1441 4224 1503 4295 qui·

274 4312 324 4367 brea
402 4313 508 4381 fuerint
526 4330 579 4383 roy.
609 4346 643 4355 -
670 4314 811 4384 marleio]
837 4314 984 4384 passivisoh
1009 4331 1057 4368 zur
1074 4313 1289 4384 Abweohselung
1305 4315 1353 4369 fiir
1370 4315 1502 4385 mptum

273 4402 384 4457 domari
405 4405 471 4459 statt
494 4404 527 4457 ab
545 4405 657 4459 homine
681 4405 731 4459 wie
750 4403 849 4475 quibam
875 4405 959 4473 oben;
987 4405 1036 4459 der
1054 4403 1195 4459 Gebrauoh
1216 4404 1309 4475 haufig
1333 4405 1405 4460 baim
1428 4407 1502 4461 Peri.

274 4489 349 4546 Pasa.
367 4492 417 4547 wie
440 4492 479 4546 im
496 4493 695 4549 Grieohisohen.
719 4526 753 4535 -
777 4493 853 4549 nihil
869 4494 1022 4565 admirare]
1041 4494 1091 4549 Die
1109 4494 1279 4564 Philosophia
1301 4495 1411 4564 suohte,
1434 4498 1504 4551 etwa

274 4578 328 4635 seit
334 4580 397 4635 dem
404 4582 474 4638 Tode
483 4583 530 4638 des
539 4584 697 4639 Aristoteles
707 4585 788 4655 (322),
807 4585 859 4638 den
870 4584 1016 4639 Mensehen
1031 4600 1084 4641 von
1097 4586 1146 4640 der
1154 4584 1322 4641 hulsenwelt
1335 4584 1504 4656 mabhangig
