3642 5225
312 503 364 567 106
707 505 916 561 Tusculanarum
934 506 1142 576 disputationum
1414 460 1434 495 Ι

311 670 349 734 tu
368 668 499 734 adhibes
515 669 614 734 vitio?
638 687 680 733 an
695 669 809 734 vitium
825 669 952 734 nullum
968 672 1018 735 ost
1032 689 1097 735 non
1111 689 1222 754 parere
1238 670 1377 736 rationi?
1400 689 1442 736 an
1458 672 1543 736 ratio

310 795 425 859 parum
448 776 601 860 praecipit
624 794 684 841 nec
706 776 825 841 bonnm
847 776 929 840 illud
952 795 1036 854 esse,
1068 777 1153 858 quod
1175 779 1232 842 aut
1255 779 1364 861 cupias
1392 777 1544 842 ardenter

311 888 369 948 aut
391 884 526 966 adeptus
550 881 662 947 efferas
685 884 718 947 te
740 883 928 962 insolenter,
956 902 1016 949 nec
1038 903 1131 967 porro
1153 885 1288 962 malum,
1319 903 1381 967 quo
1405 887 1464 949 aut
1487 905 1544 968 op-

309 1009 440 1076 pressus
455 990 559 1055 iaceas
575 992 641 1067 aut,
664 1008 704 1054 ne
727 990 915 1073 opprimere,
938 992 1046 1056 mento
1062 991 1113 1056 vir
1137 994 1285 1057 constes?
1309 1010 1409 1074 eaque
1433 993 1543 1057 omuia

311 1099 368 1161 aut
390 1097 485 1161 nimis
508 1097 615 1162 tristia
637 1099 695 1161 aut
716 1097 813 1161 nimis
835 1098 923 1162 laeta
946 1116 1050 1163 errore
1065 1097 1143 1176 ficri,
1167 1099 1221 1180 qui
1245 1117 1331 1163 error
1354 1099 1463 1164 stultis
1489 1118 1544 1163 ex-

309 1205 460 1268 tenuetur
483 1204 543 1281 die,
565 1205 612 1282 ut,
635 1223 708 1269 cum
731 1222 783 1268 res
807 1204 919 1269 eadem
942 1207 1084 1283 maneat,
1109 1205 1202 1270 aliter
1224 1205 1328 1270 ferant
1351 1206 1542 1284 inveterata,

264 1311 403 1375 realiter
424 1311 578 1388 recentia,
607 1311 767 1395 sapientes
789 1329 830 1375 ns
854 1311 994 1394 attingat
1018 1312 1146 1394 quidem
1170 1313 1320 1376 omnino?
1410 1312 1542 1376 Etenim

310 1418 381 1500 quis
409 1418 470 1483 erit
492 1419 623 1482 tandem
651 1417 765 1483 modus
793 1417 878 1482 iste?
909 1437 1102 1500 quaeramus
1133 1419 1218 1484 enim
1245 1417 1377 1483 modum
1400 1419 1542 1500 aegritu-

309 1524 401 1603 dinis,
424 1525 458 1588 in
481 1543 545 1606 qua
567 1543 680 1608 operae
703 1525 878 1608 plurimum
901 1526 1040 1609 ponitur.
1074 1529 1177 1609 Aegre
1193 1527 1306 1591 tulisse
1321 1525 1357 1588 P.
1372 1525 1541 1607 Rupilium

308 1630 417 1697 fratris
432 1632 594 1715 repulsam
610 1631 795 1697 consulatus
812 1632 969 1715 scriptum
984 1632 1069 1716 apud
1083 1633 1241 1697 Fannium
1257 1633 1316 1697 ost.
1351 1629 1414 1696 Sed
1429 1633 1541 1698 tamen

308 1739 462 1803 transisse
485 1739 612 1803 videtur
634 1740 782 1819 modum,
813 1741 929 1825 quippe
954 1741 1009 1822 qui
1032 1740 1072 1804 cb
1095 1759 1167 1804 eam
1195 1759 1326 1806 causam
1354 1743 1463 1809 avita
1489 1761 1538 1807 re·

309 1845 457 1918 cesserit;
486 1843 681 1910 moderatius
705 1847 804 1929 igitur
826 1847 908 1913 ferre
932 1847 1051 1912 debuit.
1098 1845 1197 1926 Quid,
1222 1848 1265 1926 si,
1288 1868 1362 1914 cum
1385 1850 1418 1914 id
1440 1848 1540 1914 ferret

308 1951 446 2029 modice,
474 1970 560 2016 mors
583 1953 755 2018 liberorum
779 1955 988 2020 accessisset?
1035 1953 1122 2018 Nata
1145 1955 1230 2020 esset
1253 1956 1419 2038 aegritudo
1446 1975 1540 2034 nova,

309 2058 366 2123 sed
382 2077 420 2123 ea
442 2059 584 2133 modica3
607 2079 726 2142 magna
741 2062 850 2127 tamen
865 2060 952 2126 facta
974 2062 1060 2125 asset
1076 2061 1223 2126 accessio.
1263 2060 1356 2141 Quid,
1380 2063 1408 2126 si
1423 2062 1539 2128 deinde

308 2165 432 2231 dolores
448 2185 560 2248 mares
576 2168 723 2250 corporis,
740 2168 767 2232 si
782 2170 938 2234 bonorum
954 2167 1092 2245 amissio,
1114 2166 1141 2232 si
1157 2168 1302 2247 caecitas,
1325 2169 1352 2234 si
1368 2169 1538 2234 exsilium?

310 2272 345 2338 Si
359 2293 415 2356 pro
431 2274 565 2356 singulis
580 2276 673 2339 malis
690 2275 904 2357 aegritudines
921 2274 1117 2352 accederent,
1141 2293 1267 2340 summa
1283 2294 1320 2340 ea
1335 2275 1434 2354 fieret,
1454 2295 1539 2358 quae

307 2485 401 2555 nequit
428 2485 572 2540 consistere
597 2487 727 2540 rectumf‘
763 2486 841 2541 Auch
864 2487 954 2541 Horaz
981 2485 1044 2540 laist
1070 2488 1119 2540 sat.
1144 2486 1187 2554 11,
1215 2488 1232 2542 3
1261 2487 1308 2556 (im
1333 2487 1479 2543 Ansehlnss
1505 2504 1541 2543 an

307 2574 483 2645 Chrysippus)
501 2575 554 2630 den
575 2574 684 2630 Weisen
703 2575 746 2629 dic
765 2574 916 2630 Gleichheit
934 2573 1001 2631 aller
1018 2573 1116 2630 Fehler
1134 2574 1238 2630 darton.

382 2678 422 2720 aa.
441 2682 480 2718 aa
497 2664 607 2734 citiam]
627 2664 693 2732 „ich
712 2665 773 2719 dari
790 2665 859 2719 doeh
876 2665 977 2719 citium
994 2681 1090 2734 sagen3
1115 2666 1187 2719 denn
1211 2665 1247 2719 ist
1264 2665 1340 2719 nicht
1358 2668 1418 2720 ...“
1442 2698 1477 2707 -
1501 2684 1541 2721 an

307 2753 390 2823 ratio]
409 2753 496 2821 „oder
513 2754 676 2807 mindestens
694 2753 754 2807 sind
773 2753 816 2807 die
835 2753 949 2819 Quellen
968 2770 1048 2807 curer
1065 2754 1175 2808 Astelte
1193 2770 1246 2807 nur
1268 2757 1425 2829 ἀδιάφορα,
1449 2756 1541 2810 weder

307 2844 409 2896 mnam
426 2841 497 2896 noclr
513 2842 634 2910 malum
657 2841 700 2895 die
718 2842 777 2896 Zeit
800 2841 871 2895 lehrt
888 2843 942 2896 den
960 2842 1059 2911 Taren,
1085 2859 1140 2897 was
1164 2844 1226 2897 dem
1245 2844 1357 2898 Weisen
1382 2861 1435 2898 von
1458 2861 1540 2898 vorn·

307 2931 403 2986 herein
420 2931 479 2985 liar
496 2931 561 2985 ista
581 2963 615 2971 —
639 2948 691 3001 quw
709 2936 759 2985 ctat
776 2948 919 3001 oppressus
938 2933 999 3001 etc]
1025 2948 1098 2999 „von
1119 2933 1180 2986 dem
1198 2933 1235 2986 du
1253 2932 1539 3007 niedergeschmettsrt

308 3020 370 3092 (wie
389 3022 437 3090 tot)
456 3021 568 3091 daliegst
586 3021 649 3075 odor
667 3037 720 3075 von
738 3021 801 3074 dem
818 3020 1103 3090 niedergeschmettcrt
1126 3037 1160 3075 zu
1178 3022 1285 3075 werden
1304 3022 1340 3075 du
1358 3021 1385 3074 in
1403 3020 1541 3090 kopfloser

307 3111 394 3180 Angst
412 3110 575 3165 siirohtest“.

380 3214 422 3256 ⁴0.
442 3200 553 3255 Etenim
572 3202 625 3270 ...]
654 3201 731 3267 „und
754 3201 839 3267 daun,
866 3200 923 3253 und
947 3200 1018 3253 noch
1041 3198 1111 3253 eins:
1138 3199 1292 3264 niimliclr“;
1314 3215 1399 3254 neuer
1422 3200 1537 3253 Bewcis.

308 3290 364 3343 Aut
381 3290 424 3343 dic
442 3290 536 3343 aweite
554 3290 653 3359 Frage:
673 3289 756 3357 „Was
774 3290 821 3343 fiir
839 3289 883 3343 ein
901 3288 1012 3343 Μειΐεῖῑί
1031 3288 1123 3343 hatten
1142 3288 1185 3343 dic
1203 3288 1396 3357 Peripatetiler
1413 3288 1456 3342 die
1470 3290 1539 3342 Ant-

307 3380 389 3432 wort:
415 3378 492 3446 „Das
517 3379 602 3432 durch
627 3379 670 3432 dic
697 3379 817 3433 hoheren
841 3378 1023 3433 Seelenkritlte
1050 3377 1253 3447 testgestelltc.“
1295 3378 1358 3433 Und
1381 3393 1450 3431 wem
1477 3377 1536 3432 dics

307 3466 486 3521 schwanlrend
504 3468 559 3520 und
578 3468 711 3536 subieltiv
730 3467 873 3535 erseheint,
891 3468 941 3521 der
959 3467 1086 3535 bcdcnlrc,
1105 3467 1164 3521 daia
1181 3467 1224 3521 dic
1239 3466 1359 3537 Bcgriffe
1373 3468 1421 3521 der
1435 3466 1540 3522 Stoilrer

307 3555 455 3609 secundum
473 3562 613 3625 naturam,
631 3573 695 3610 cum
708 3556 821 3622 ratetum,
841 3573 904 3609 cum
917 3556 1015 3610 matuta
1028 3556 1120 3624 viem,
1140 3556 1198 3609 ihre
1211 3555 1380 3610 Edelafiektc
1395 3556 1537 3626 (voluntas,

304 3644 449 3714 caudium,
469 3645 568 3711 cautio,
587 3646 654 3714 Kap.
670 3647 705 3713 6),
724 3661 771 3698 um
784 3644 872 3698 nichts
885 3644 1035 3713 greitbarer
1048 3645 1115 3699 sind.
1136 3677 1169 3686 -
1188 3645 1346 3714 Rupiliam]
1361 3645 1392 3699 P.
1407 3644 1537 3714 Rupilius,

308 3734 352 3789 ein
365 3734 472 3788 lteund
490 3735 537 3789 des
554 3734 686 3804 jungeren
698 3734 843 3788 Africanus
861 3735 904 3803 (de
923 3751 973 3788 am.
988 3737 1003 3804 ἕ
1017 3736 1071 3802 69),
1091 3735 1131 3788 oft
1148 3750 1200 3789 von
1219 3734 1311 3790 Cicero
1329 3735 1460 3803 genanut;
1479 3732 1539 3787 sein

307 3822 413 3877 Bruder
429 3823 528 3878 Lucius
546 3824 594 3878 fiel
612 3824 676 3878 aber
693 3825 762 3879 trotz
780 3824 827 3878 des
845 3823 996 3879 llinflusses
1014 3823 1116 3893 Scipios
1134 3823 1178 3879 bei
1196 3823 1244 3876 der
1261 3822 1434 3877 Konsnlwahl
1452 3822 1537 3876 durch

308 3913 352 3982 (de
370 3929 421 3967 am.
440 3915 456 3983 ᾖ
476 3914 528 3982 73).
549 3945 582 3954 -
600 3913 756 3983 Fannium]
776 3912 805 3969 O.
820 3913 947 3981 Fannius,
965 3913 1033 3967 iiber
1049 3914 1146 3967 desscn
1163 3913 1266 3967 Person
1283 3912 1340 3966 sich
1359 3911 1453 3968 Cicero
1471 3912 1538 3966 aeit-

306 4002 396 4072 weilig
418 4002 493 4057 nicht
517 4002 594 4057 recht
617 4002 675 4057 lrlar
697 4020 754 4057 war
779 4004 822 4073 (ad
840 4005 896 4057 Ata
915 4003 986 4069 XII,
1011 4004 1044 4071 5,
1069 4004 1111 4071 3),
1137 4002 1242 4057 schricb
1264 4001 1403 4067 Annalem
1428 4017 1459 4055 er
1483 4017 1540 4054 war

307 4090 529 4161 Schwiegersohn
546 4093 594 4147 des
605 4092 712 4147 laelius
730 4093 783 4146 und
803 4093 962 4147 befreundct
980 4092 1029 4145 mit
1041 4093 1103 4146 dem
1121 4091 1253 4161 jitngersn
1267 4090 1369 4160 Scipi03
1389 4106 1419 4145 cr
1436 4089 1472 4145 ist
1489 4090 1540 4143 mit

307 4180 408 4235 diesem
425 4181 654 4236 Mitunterredner
675 4181 704 4234 in
723 4180 831 4237 Ciceros
849 4182 944 4251 Dialog
962 4181 1049 4249 „Vom
1067 4180 1171 4236 Staat“.
1198 4212 1231 4222 -
1255 4180 1402 4250 recesserat]
1421 4179 1540 4234 recedere

306 4287 326 4323 a
343 4270 414 4336 cita,
439 4271 514 4325 cdler
531 4271 671 4326 ausdruck
688 4270 739 4325 wis
757 4287 796 4339 „a
812 4271 923 4325 caritate
940 4270 1042 4341 patriae
1060 4271 1208 4325 recedere“
1227 4270 1305 4340 (Nep.
1325 4269 1383 4323 Alc.
1402 4271 1428 4337 8,
1448 4270 1483 4337 1).
1503 4300 1538 4309 —

302 4375 356 4427 pro
369 4398 406 4411 ...
419 4360 514 4430 mdis]
525 4360 751 4430 „eutspreohcnd
761 4359 971 4429 proportional“.
982 4391 1015 4400 -
1029 4377 1140 4414 wmmc
1152 4377 1184 4415 ec
1195 4360 1280 4429 ficret]
1290 4358 1387 4413 Dieser
1395 4356 1539 4427 waokcligo

307 4446 407 4502 Sorites
426 4449 488 4518 (von
508 4453 594 4524 σωρός
611 4450 763 4518 „Haufc“,
788 4456 928 4525 empetros,
947 4448 1080 4504 acervatis
1098 4464 1135 4502 sc.
1155 4447 1303 4517 conclusio)
1323 4446 1433 4501 beweist
1449 4446 1540 4501 nichts

305 4552 392 4606 gagen
409 4536 453 4591 die
470 4538 674 4606 peripatetische
693 4538 870 4593 Atlektlehre.
