3642 5225
321 541 373 603 1118
716 541 926 596 Tusculanamm
943 541 1151 610 disputatimum

318 706 449 783 merita,
477 705 642 782 laudetur,
672 708 710 769 nt
741 723 760 770 a
789 705 950 788 plerisque
980 704 1126 787 neglecta
1156 705 1308 769 amuitis
1338 706 1435 770 etiam
1465 705 1556 770 vitu-

318 815 456 896 peretur.
502 812 691 895 Vituperare
716 812 887 894 quisquam
917 812 1001 877 vitae
1033 814 1201 894 parentem
1230 813 1263 876 et
1290 813 1351 876 hoc
1380 813 1553 895 parricidio

319 919 543 1002 reinquinare
567 919 665 984 audet
687 921 720 984 et
743 921 812 983 tam
834 919 930 1002 impie
954 919 1101 1002 ingratus
1125 937 1210 996 esse,
1241 921 1280 983 ut
1309 937 1380 983 eam
1411 922 1554 997 accuset,

320 1045 417 1109 quarn
440 1025 543 1090 vereri
565 1025 702 1104 deberet,
726 1026 854 1090 etiamsi
875 1026 983 1091 minus
1006 1027 1167 1109 percipere
1190 1027 1369 1109 potuisset?
1417 1025 1489 1105 Sed,
1513 1029 1554 1090 at

319 1133 444 1216 opinor,
477 1133 530 1197 hic
559 1150 646 1196 error
675 1136 708 1197 et
736 1133 817 1198 haec
845 1133 1047 1197 indoctorum
1078 1133 1195 1197 animis
1223 1132 1324 1198 offusa
1358 1134 1459 1215 caligo
1491 1138 1553 1211 est,

320 1239 404 1322 quod
434 1241 502 1304 tam
531 1240 624 1322 longe
652 1241 737 1304 retro
760 1241 917 1323 respicere
941 1259 1005 1303 non
1036 1241 1174 1322 possunt
1203 1259 1263 1304 nec
1292 1258 1354 1318 eos,
1384 1259 1403 1304 a
1432 1240 1553 1322 quibus

319 1346 385 1411 vita
406 1347 573 1411 hominum
595 1346 755 1411 instructa
776 1347 888 1430 primis
912 1346 968 1424 911,
992 1345 1091 1410 101999
1115 1346 1318 1429 philosophos
1342 1347 1552 1412 arbitrantur.

287 1436 309 1498 ⁸
409 1452 514 1532 Quam
537 1473 605 1518 rem
628 1454 886 1536 antiquissimam
910 1473 984 1518 cum
1008 1453 1184 1531 videamus,
1206 1472 1323 1519 nomen
1346 1456 1455 1518 tamen
1479 1473 1553 1519 esse

294 1523 505 1626 ⁷eonfitemur
534 1579 654 1625 recens.
699 1560 783 1625 Nam
813 1561 1004 1644 sapientiam
1034 1561 1163 1642 quidem
1198 1561 1300 1643 ipsam
1332 1561 1403 1642 quis
1432 1579 1552 1643 negare

318 1670 424 1752 potest
454 1688 518 1732 non
546 1668 639 1732 modo
661 1687 696 1732 re
720 1687 789 1732 esse
813 1669 995 1749 antiquam,
1026 1687 1138 1733 verum
1166 1669 1263 1732 etiam
1286 1669 1436 1732 nomine?
1466 1686 1553 1750 quae

319 1774 499 1839 divinarum
533 1775 811 1857 humanarumque
844 1794 970 1853 rerum,
1010 1777 1082 1839 tum
1116 1775 1281 1839 initiorum
1315 1793 1552 1857 causarumque

319 1882 473 1963 cuiusque
503 1882 549 1946 rei
572 1881 749 1964 cognitione
779 1881 839 1946 hoc
869 1882 1122 1965 pulcherrimum
1144 1900 1261 1946 nomen
1291 1881 1377 1964 apud
1399 1882 1552 1964 antiquos

319 1988 563 2070 adsequebatur.
608 1988 722 2071 Itaque
752 1991 786 2054 et
812 1989 883 2052 illos
908 1991 1047 2072 septem,
1078 1989 1133 2070 qni
1157 2007 1176 2052 a
1200 1987 1329 2053 Graecis
1352 1984 1466 2075 σοφοί,
1499 2008 1554 2054 99-

318 2095 441 2178 pientes
466 2114 485 2160 9
507 2096 634 2172 nostris,
664 2098 697 2160 et
718 2096 920 2161 habebantur
943 2098 976 2160 et
999 2096 1255 2174 nominabantur,
1282 2097 1316 2159 et
1338 2095 1449 2159 multis
1474 2098 1552 2161 ante

320 2203 454 2268 saeculis
476 2203 676 2286 Lycurgum,
706 2203 796 2267 cuius
819 2203 1018 2286 temporibus
1042 2202 1201 2266 Homerus
1230 2202 1327 2266 etiam
1350 2201 1448 2266 fuisse
1473 2205 1552 2267 ante

318 2414 352 2451 ac
431 2402 469 2451 eat
549 2396 658 2467 merita)
741 2395 807 2449 wird
833 2396 941 2464 sogar“.
978 2396 1020 2449 Im
1045 2395 1251 2464 „Hortensius“
1275 2395 1349 2450 hatte
1373 2395 1430 2449 sich
1454 2394 1554 2451 Cicero

318 2503 404 2556 gegen
428 2486 471 2540 die
489 2485 584 2539 Tadler
607 2485 756 2554 gowendet.
782 2516 816 2524 -
841 2490 900 2538 tam
924 2484 1020 2554 impie]
1047 2500 1099 2552 „so
1118 2483 1279 2554 pietdtlos“;
1304 2485 1351 2538 das
1369 2483 1429 2538 Bild
1443 2501 1553 2553 parens

320 2577 427 2644 (mater)
504 2574 694 2645 parricidium
713 2573 778 2628 wird
797 2573 969 2644 fortgetiihrt.
995 2606 1030 2615 —
1055 2573 1162 2628 animis
1180 2574 1270 2643 offusa
1287 2573 1384 2644 901190]
1404 2614 1420 2643 „
1427 2589 1456 2628 90
1476 2574 1555 2629 dicht

318 2665 362 2718 die
380 2664 541 2719 Nebelhiille
559 2681 604 2717 um
623 2664 676 2717 den
695 2664 791 2717 (19191ιι
810 2664 859 2717 der
872 2663 1078 2733 Ungebildeten.
1098 2695 1132 2703 —
1151 2668 1209 2717 tam
1226 2664 1302 2733 lange
1319 2668 1389 2718 retro
1407 2663 1553 2735 respicere]

318 2754 369 2808 Die
382 2755 464 2823 junge
474 2754 614 2807 werdende
623 2752 875 2807 Milittirrnonarehie
888 2753 943 2807 und
955 2753 1015 2807 ihre
1029 2752 1254 2822 „plebejisehen“
1263 2753 1408 2821 Anh'tnger
1421 2752 1554 2807 scheinen

318 2843 403 2897 durch
421 2843 473 2897 den
491 2842 660 2896 versttirhten
678 2841 817 2895 Ausdmch
835 2842 959 2911 gestreift
977 2859 1010 2896 zu
1030 2842 1095 2896 sein.

389 2969 465 3037 Kap.
485 2969 517 3026 3.
558 2981 581 3021 7.
600 2967 675 3021 Nam
692 2967 870 3037 septentiam]
891 2967 1037 3037 Sapunta'a
1049 2968 1159 3041 (σοφία)
1179 2967 1287 3037 quatem
1305 2967 1423 3036 antiqua
1439 2973 1486 3035 eat,
1505 2969 1556 3023 sed

315 3058 508 3129 philosophum
525 3075 554 3111 ae
571 3075 626 3111 esse
643 3056 714 3111 dixu
728 3057 839 3127 primur
852 3057 1029 3126 Pythagoras,
1049 3057 1098 3110 der
1111 3056 1353 3125 verhdltnismitisig
1365 3056 1431 3125 jung
1444 3057 1481 3111 ist
1494 3060 1554 3127 (um

319 3148 517 3215 1101011).
561 3146 652 3199 Dureh
674 3147 995 3201 dazwischenstrbmende
1020 3146 1163 3200 Gedanken
1185 3147 1240 3200 und
1264 3145 1481 3214 Wortfiigimgen
1503 3146 1555 3201 hat

318 3237 361 3291 die
376 3235 619 3305 Durohsichtigheit
633 3236 682 3289 der
695 3236 877 3305 Begriindung
890 3236 1010 3305 gelitten.
1030 3266 1065 3276 -
1083 3253 1182 3289 nornen
1261 3234 1464 3305 adsequebatur]
1485 3274 1500 3303 „
1507 3251 1553 3290 91-

319 3326 408 3395 langta
427 3325 611 3380 ahmablich‘t
631 3355 664 3363 —
690 3325 752 3379 illos
770 3326 879 3394 septem]
901 3327 1018 3381 01111101
1037 3327 1151 3395 (Θαλῆς,
1171 3330 1254 3390 Βίας,
1275 3328 1425 3390 Πιττακός,
1443 3328 1553 3391 Σόλων,

318 3416 389 3468 dann
404 3418 581 3482 Κλεόβουλος,
601 3418 718 3480 Μύσων,
737 3420 840 3479 Χίλων,
859 3416 906 3467 1111
919 3414 991 3468 diese
1005 3414 1063 3469 drei
1077 3413 1146 3468 auch
1160 3414 1268 3481 andere)
1286 3413 1337 3466 wie
1352 3418 1380 3467 ot
1392 3417 1553 3487 τριάκοντα,

318 3503 398 3558 meist
416 3502 485 3556 ohne
504 3503 608 3555 Zusatz.
629 3533 662 3542 -
687 3508 711 3556 et
735 3504 798 3557 illos
816 3509 916 3571 septem
935 3544 983 3556 ...
1002 3508 1027 3557 et
1044 3502 1355 3557 11101119091090991111
1373 3504 1505 3572 (γενεαῖς,
1525 3503 1554 3571 je

318 3594 353 3648 33
376 3592 467 3660 Jabre)
489 3592 647 3661 Lycurgum
741 3597 766 3646 et
790 3592 850 3646 ram
874 3592 991 3646 barricule
1016 3592 1149 3647 aetatibus
1180 3592 1296 3660 Ulixem]
1322 3591 1373 3646 Die
1399 3590 1457 3645 drei
1482 3591 1556 3646 Kola

318 3680 460 3749 (menrbra)
484 3680 544 3734 sind
567 3681 722 3736 anniihernd
744 3681 832 3750 gleieh
854 3682 953 3750 gebaut
975 3681 1037 3752 (vgl.
1057 3681 1099 3735 die
1118 3680 1177 3735 drei
1194 3698 1242 3734 nee
1321 3680 1421 3734 Atlans
1502 3698 1555 3735 neo

380 3787 429 3824 nee
451 3769 539 3839 gleich
561 3770 680 3824 hernach
698 3770 737 3825 als
756 3771 949 3839 Gegenstiich),
975 3786 1004 3824 so
1027 3771 1085 3824 dass
1110 3786 1156 3822 um
1178 3768 1339 3823 ihretwissen
1363 3770 1411 3824 der
1434 3770 1554 3839 mitisige

318 3859 480 3914 Relativsatz
498 3859 549 3928 qui
565 3877 584 3912 a
601 3859 713 3913 Graecis
793 3860 1010 3913 admirabamur
1028 3876 1071 3913 am
1085 3859 1177 3913 Platze
1192 3859 1240 3926 ist3
1260 3874 1289 3912 er
1302 3859 1338 3912 191
1351 3857 1390 3913 als
1404 3858 1555 3913 Perioden·

318 3949 409 4003 11111991
428 3966 462 4003 zu
480 3949 598 4003 nahmen
616 3951 707 4017 (auree
725 3950 837 4018 implet).
858 3981 892 3989 —
910 3948 1137 4018 nominabantur]
1157 3948 1207 4003 wie
1225 3965 1324 4002 nmnen
1342 3947 1554 4017 adsequebatur;

318 4056 353 4092 zu
367 4045 453 4112 capot
466 4038 519 4107 vgl.
534 4038 567 4091 de
581 4054 618 4091 or.
632 4038 683 4105 III,
697 4041 745 4094 56:
765 4039 864 4105 „Hanc
883 4037 1015 4107 cogitandi
1033 4036 1274 4106 pronuntiandique
1293 4036 1422 4091 rationem
1441 4036 1555 4106 vimque

318 4127 423 4181 dicendi
442 4130 548 4182 veteres
567 4127 661 4181 Graeci
680 4126 838 4195 sapientiam
856 4126 1036 4180 nominabant.
1074 4126 1145 4180 Hinc
1162 4125 1203 4179 illi
1220 4126 1344 4195 Lycurgi,
1363 4125 1427 4180 hinc
1444 4125 1554 4195 Pittaci,

318 4215 382 4269 hinc
400 4215 510 4271 Solones
529 4218 608 4286 atque
631 4216 664 4270 ab
686 4216 737 4269 hac
756 4215 931 4269 similitudine
950 4215 1043 4284 (ihnen
1062 4215 1180 4285 glichen)
1199 4215 1358 4270 Coruncanii
1376 4214 1474 4282 nostri,
1501 4216 1555 4271 Fa·

319 4303 403 4371 brieii,
422 4303 545 4372 Catones,
564 4304 700 4373 Scipiones
714 4306 837 4373 fuerunt3
915 4305 959 4358 alii
976 4305 1160 4375 (Pythagoras,
1174 4304 1352 4372 Democritus,
1366 4306 1556 4377 Anaxagoras)

319 4395 387 4446 totos
411 4408 441 4446 se
465 4394 497 4446 ad
522 4394 702 4462 cognitionem
725 4409 816 4447 rerum
841 4393 1063 4447 transtulerunt.“
1090 4425 1123 4433 -
1149 4393 1294 4462 Homerus]
1319 4408 1373 4446 von
1398 4391 1556 4448 rbmischen

318 4479 531 4535 Schrittstsllem
549 4481 589 4536 ais
607 4482 729 4550 Lyhurgs
743 4481 915 4550 Zeitgenosse
933 4481 1092 4549 betraehtet,
1111 4481 1181 4535 nach
1199 4482 1248 4535 der
1264 4481 1381 4550 jetzigen
1395 4481 1558 4553 Forsehung

317 4571 387 4624 etna
404 4570 521 4623 hundert
537 4570 619 4624 Jahro
638 4570 713 4625 alter.
