3642 5225
346 481 398 540 18⁴
741 481 948 536 mseulanarum
968 482 1174 550 disputationum

301 647 456 710 escontra
480 643 603 709 Stoicos
628 644 812 710 disserebat.
857 644 946 708 Haec
968 644 1066 726 igitur
1089 644 1257 728 simplicia,
1285 643 1342 707 illa
1364 644 1496 707 mixta:
1526 644 1587 708 tria

345 770 462 834 genera
484 752 652 829 honorum,
675 752 813 816 maxima
837 752 948 829 animi,
972 752 1111 817 secunda
1134 752 1286 835 corporis,
1315 753 1454 815 externa
1479 751 1587 828 tertia,

344 862 383 922 ut
397 857 602 941 Peripatetici
620 877 679 922 nec
694 859 796 922 multo
812 861 935 923 veteres
950 859 1131 923 Academici
1147 877 1255 931 secus;
1279 857 1488 940 voluptatem
1514 877 1585 922 curn

344 965 511 1029 honestate
541 965 758 1029 Dinomachus
788 968 821 1029 et
848 964 992 1048 Callipho
1023 965 1197 1048 copulavit,
1226 964 1440 1028 indolentiam
1472 967 1586 1028 autem

345 1073 506 1137 honestati
533 1072 765 1155 Peripateticus
792 1071 950 1136 Diodorus
980 1072 1131 1136 adiunxit.
1177 1071 1246 1135 Hae
1278 1073 1356 1135 sunt
1386 1070 1587 1146 sententiae,

347 1198 428 1262 quae
452 1179 636 1244 stabilitatis
660 1178 779 1261 aliquid
803 1179 960 1254 habeant;
984 1198 1059 1243 narn
1083 1179 1254 1255 Aristonis,
1276 1176 1468 1260 Pyrrhonis,
1493 1179 1587 1242 Erilli

345 1288 633 1368 nonnullorumque
663 1286 798 1350 chorum
831 1288 1038 1351 evanuerunt.
1090 1286 1133 1349 Hi
1163 1285 1239 1368 quid
1269 1285 1392 1368 possint
1427 1286 1588 1362 obtinere,

346 1394 510 1458 rideamus
545 1394 671 1458 omissis
702 1392 835 1471 Stoicis,
870 1412 1006 1475 quorum
1037 1395 1116 1458 satis
1146 1393 1253 1457 videor
1287 1391 1476 1457 defendisse
1517 1411 1589 1457 serr·

345 1502 490 1565 tontiam.

435 1609 478 1672 Et
499 1606 785 1691 Peripateticorum
809 1607 939 1689 quidem
962 1608 1118 1690 exphcata
1141 1626 1238 1672 causa
1261 1609 1311 1671 est
1332 1609 1467 1690 praeter
1483 1608 1589 1671 Theo

346 1715 528 1799 phrastum,
559 1717 592 1778 et
619 1715 647 1779 si
674 1715 729 1796 qui
756 1715 848 1779 illum
872 1716 974 1779 secuti
996 1715 1186 1779 imbecillius
1214 1715 1346 1779 horrent
1374 1714 1529 1780 dolorem
1558 1719 1592 1781 et

346 1820 570 1895 reformidant;
593 1822 725 1903 reliquis
749 1821 878 1904 quidem
902 1823 977 1886 licet
998 1821 1102 1886 facere
1124 1822 1165 1898 id,
1188 1821 1273 1903 quod
1295 1821 1360 1886 fere
1383 1821 1529 1902 faciunt,
1553 1826 1590 1887 ut

347 1929 538 2010 grautntem
555 1929 807 2011 dignitatemque
823 1929 953 1993 virtutis
970 1932 1169 2011 exaggerent.
1215 1927 1321 2007 Quam
1344 1948 1421 1994 cnm
1447 1930 1490 1994 ad
1517 1949 1588 1996 cae·

347 2036 415 2099 lum
443 2037 641 2115 extulerunt,
672 2036 756 2118 qnod
786 2036 890 2101 facere
921 2037 1105 2118 eloquentes
1135 2037 1279 2100 homines
1309 2036 1437 2119 copiose
1470 2039 1588 2116 solent,

347 2143 471 2224 reliqua
494 2162 531 2208 ex
554 2143 731 2208 conlatione
754 2143 847 2208 facile
871 2147 921 2208 est
944 2148 1106 2208 conterere
1130 2145 1227 2225 atque
1251 2146 1469 2209 contemnere.
1521 2145 1589 2211 Nec

348 2251 434 2315 enim
455 2250 531 2315 licet
553 2250 607 2327 iis,
631 2251 686 2332 qui
708 2250 837 2314 laudem
861 2270 934 2315 cnm
958 2251 1064 2315 dolore
1087 2251 1258 2333 petendam
1282 2269 1351 2315 esse
1376 2251 1509 2331 dicant,
1534 2273 1591 2317 ne-

349 2532 413 2599 heit,
432 2531 584 2598 Sch‘cnheit,
602 2532 755 2600 Verstand),
773 2533 855 2586 Acad.
870 2549 909 2601 pr.
925 2533 961 2600 H,
981 2535 1048 2600 1313
1066 2533 1100 2585 de
1118 2532 1167 2586 fin.
1181 2532 1215 2598 V,
1234 2535 1283 2588 20:
1303 2548 1378 2602 „res
1398 2549 1470 2602 quas
1484 2536 1591 2604 primas

347 2622 494 2677 secundum
519 2624 641 2676 naturam
666 2622 805 2675 diximus“
823 2648 858 2668 =
883 2628 917 2678 τὰ
943 2635 1038 2695 πρῶτα
1061 2626 1131 2679 κατὰ
1158 2627 1251 2696 φύσιν.
1287 2623 1348 2677 Von
1372 2624 1420 2677 der
1446 2626 1590 2680 stoischen

347 2711 534 2781 Bestimmung
550 2711 749 2765 unterscheidet
766 2711 823 2765 sich
842 2712 885 2765 die
903 2712 951 2765 des
970 2712 1120 2767 Carneades
1139 2712 1208 2766 eben
1225 2712 1358 2780 daduroh,
1378 2712 1439 2767 dass
1460 2730 1490 2768 es
1510 2716 1592 2769 nieht

348 2799 391 2854 die
415 2801 612 2869 naturgemhlse
629 2800 758 2868 Tiltiglreit
776 2800 815 2854 als
834 2800 924 2855 sclche
943 2801 1052 2864 (defin.
1071 2802 1106 2870 V,
1125 2803 1183 2870 20),
1210 2802 1323 2856 sondem
1342 2803 1391 2855 der
1410 2802 1520 2859 (lenuis
1540 2806 1592 2859 der

348 2888 517 2943 natiirliehen
536 2889 621 2942 Giiter
638 2888 696 2943 sein
714 2887 772 2957 soll,
791 2889 820 2941 in
837 2890 899 2943 dem
917 2890 964 2943 das
983 2889 1095 2945 hoohste
1114 2890 1169 2945 Gut
1186 2891 1292 2945 besteht
1310 2890 1459 2960 (Zeller).

421 3000 463 3044 ss.
491 2987 624 3057 Callipho]
643 2987 789 3041 mehrmals
811 2988 840 3040 in
863 2988 911 3041 der
928 2988 1102 3057 Verbindung
1125 2988 1175 3041 ruit
1192 2988 1380 3043 Dinomaches
1399 2993 1526 3058 genennt
1544 2993 1590 3061 (de

349 3078 398 3131 ost.
416 3078 468 3145 ΙΙΙ,
488 3080 553 3133 119:
574 3093 648 3146 „quo
666 3077 751 3145 magis
769 3077 1002 3146 reprehendendos
1021 3077 1205 3147 Calliphonem
1224 3081 1251 3132 et
1270 3077 1467 3132 Dinomachum
1485 3080 1590 3149 iudico,

350 3167 395 3236 qui
409 3183 438 3221 se
453 3166 631 3235 dirempturos
650 3166 857 3220 controversiam
872 3169 1042 3236 putaverunt,
1060 3167 1084 3221 si
1102 3183 1164 3220 eum
1179 3167 1317 3221 honestate
1331 3166 1499 3236 voluptatem
1515 3172 1589 3223 tam·

350 3272 430 3325 quam
449 3272 509 3309 curn
523 3256 630 3310 homine
645 3257 775 3324 pecudem
794 3256 1025 3325 copulavissent“;
1045 3255 1096 3324 vgl.
1112 3256 1176 3310 Hor.
1192 3273 1234 3325 ep.
1248 3257 1285 3325 II,
1299 3259 1325 3324 3,
1342 3257 1417 3324 lit),
1438 3257 1590 3327 einigamal

350 3344 439 3399 allein.
458 3376 493 3385 -
512 3345 658 3414 Dzhdcrus]
677 3361 725 3400 aus
742 3346 836 3414 Tyrus,
855 3344 970 3399 Schiiler·
987 3346 1042 3399 und
1055 3346 1220 3415 Nachfolger
1237 3346 1283 3400 des
1298 3345 1437 3401 Critolaus.
1459 3378 1494 3386 —
1515 3347 1587 3401 Ari-

349 3435 447 3503 stonis]
467 3434 556 3488 Aristo
575 3450 623 3488 aus
642 3434 721 3490 Chios
740 3436 766 3505 (ὁ
780 3436 869 3503 Χῖος),
888 3434 1002 3489 Sohiiler
1019 3436 1067 3489 des
1084 3434 1185 3489 Kitiers
1204 3436 1282 3502 Zeno,
1302 3434 1370 3488 wich
1389 3450 1450 3488 vom
1470 3435 1592 3491 Meister

350 3523 471 3577 insofem
489 3523 537 3591 ab,
563 3523 603 3577 als
626 3540 656 3576 er
677 3524 720 3578 die
739 3523 889 3593 Scheidung
910 3524 959 3577 der
982 3526 1127 3597 ἀδιάφορα
1150 3524 1178 3577 in
1197 3534 1359 3599 προηγμένα
1377 3540 1442 3578 usw.
1464 3527 1592 3581 verwari

351 3614 534 3687 (ἀδιαφορία).
560 3645 594 3653 -
619 3612 782 3682 Pyrrhmcre]
801 3613 905 3681 Pyrrho
929 3628 976 3666 aus
995 3612 1051 3666 Elis
1074 3614 1176 3667 stiftete
1200 3630 1248 3667 zur
1266 3614 1323 3668 Zeit
1340 3611 1512 3668 Alexanders
1538 3616 1592 3669 des

351 3702 477 3769 Grossen,
500 3701 550 3754 mit
567 3702 629 3756 dem
648 3719 679 3755 er
696 3702 723 3755 in
742 3702 837 3756 Indierr
856 3719 924 3770 war,
947 3702 989 3756 die
1008 3702 1158 3771 sheptische
1176 3702 1287 3771 Schule3
1310 3719 1363 3755 nur
1380 3702 1465 3755 durch
1484 3706 1590 3759 mimd-

351 3790 422 3845 hche
440 3780 648 3860 Uberlieierung
670 3791 758 3846 seines
776 3790 904 3845 Schi'rlers
922 3792 1012 3845 Timon
1037 3792 1128 3846 wurde
1153 3792 1228 3846 seine
1246 3792 1333 3845 Lehre
1358 3793 1439 3845 etwas
1464 3791 1593 3847 bekannt

352 3880 522 3950 (Hauptsatzz
547 3882 596 3935 der
613 3882 692 3934 Wert
713 3882 761 3934 der
783 3881 908 3935 ausseren
927 3882 1011 3935 Giiter
1029 3881 1126 3935 beruht
1148 3882 1196 3935 auf
1213 3881 1391 3948 Einbildung).
1418 3911 1452 3919 —
1478 3882 1593 3954 Erilli]

351 3968 450 4024 Erillus
473 3985 521 4024 aus
539 3970 689 4039 Karthago,
713 3968 827 4025 Schiiler
845 3971 943 4033 Zencs
967 3973 1051 4025 setzte
1069 3971 1116 4025 das
1135 3971 1245 4025 hochste
1264 3970 1318 4025 out
1340 3970 1369 4023 in
1386 3969 1429 4023 die
1447 3972 1592 4027 morcio:

352 4058 473 4126 „Erillus
496 4060 530 4113 ad
553 4059 692 4114 seientiam
714 4059 803 4114 omnia
824 4076 953 4114 revocans
975 4077 1059 4113 unum
1084 4061 1215 4129 quoddam
1237 4060 1336 4114 bonum
1354 4059 1432 4126 vidit,
1458 4060 1507 4113 sed
1535 4078 1596 4116 neo

351 4148 480 4216 optimum
503 4164 553 4201 nec
575 4165 627 4219 quo
649 4148 705 4202 vita
727 4149 870 4218 gubernari
893 4150 1009 4218 possit“;
1034 4150 1067 4204 de
1087 4150 1134 4203 off.
1154 4150 1182 4217 I,
1206 4153 1235 4205 6:
1262 4147 1414 4217 „Aristonis
1432 4148 1596 4216 Pyrrhonis

350 4236 427 4291 Erilli
445 4237 497 4290 iam
516 4237 619 4306 pridem
642 4237 752 4306 explosa
764 4238 998 4307 („ausgeziseht“)
1017 4239 1150 4293 sententia
1168 4241 1239 4293 est‘t.
1259 4270 1293 4278 —
1311 4237 1455 4307 explicata]
1472 4238 1594 4309 „klar“,

351 4325 476 4393 Adjelrtir
498 4327 549 4380 wie
573 4332 707 4396 spectatus
729 4344 756 4380 u.
780 4344 803 4381 a.
829 4358 864 4367 —
892 4328 1112 4398 Theophrastum]
1137 4329 1219 4382 Acad.
1245 4330 1311 4396 post
1334 4328 1363 4394 I,
1388 4329 1438 4382 33:
1464 4328 1594 4396 „(Pheo·

351 4414 486 4483 phrastus)
503 4415 611 4484 negavit
629 4417 656 4469 in
676 4432 708 4471 ea
726 4416 847 4487 (virtute)
865 4416 922 4470 sola
941 4432 999 4471 esse
1019 4418 1095 4471 beate
1112 4417 1240 4486 rivere“;
1265 4417 1300 4472 ib.
1319 4420 1367 4473 35:
1388 4432 1509 4485 „nervos
1529 4420 1596 4473 vir·

352 4505 417 4557 tutis
441 4503 562 4558 incidit“.
591 4537 625 4545 —
653 4507 799 4575 eloquemes
821 4505 956 4576 homines]
980 4507 1032 4562 Die
1054 4508 1213 4577 Bedeutung
1238 4508 1287 4561 der
1309 4504 1505 4574 Peripatetiher
1529 4512 1595 4566 und
