3642 5225
759 531 817 586 Lib.
835 530 886 600 ΠΙ,
905 547 928 585 c.
947 533 1026 588 2-3.
1473 529 1510 592 2³3

275 696 331 760 est
354 693 533 759 adhibenda
556 693 701 758 curatio?
730 695 842 758 utrum
866 694 950 776 quod
974 694 1079 759 minus
1107 697 1243 760 noceant
1270 695 1369 760 animi
1399 713 1509 778 aegro·

277 801 418 866 tationes
437 819 539 883 quam
563 801 709 883 corporis,
734 817 775 864 an
792 801 876 882 quod
899 819 1030 884 corpora
1053 802 1158 866 curari
1172 801 1304 884 possint,
1329 802 1508 867 animorum

276 908 437 974 medicina
465 908 556 972 nulia
586 908 651 972 sit?
698 909 741 973 At
773 911 805 972 et
833 907 936 972 morbi
965 907 1204 991 perniciosiores
1231 909 1402 992 pluresque
1431 901 1539 974 cunct

276 1017 379 1081 animi
394 1034 491 1098 quam
514 1015 670 1099 corporis;
694 1016 754 1081 hoc
777 1015 862 1080 enim
884 1015 952 1098 ipso
976 1016 1076 1080 odiosi
1098 1017 1183 1093 sunt,
1207 1014 1292 1097 quod
1308 1015 1348 1081 ad
1365 991 1533 1082 animum⁶

276 1123 441 1207 portinent
456 1141 593 1204 eumque
609 1122 791 1200 sollicitant,
814 1122 1066 1204 „animusque
1090 1128 1240 1205 aeger“‚
1263 1125 1301 1188 ut
1317 1123 1363 1188 ait
1375 1123 1507 1202 Ennius,

276 1248 463 1313 „semper
486 1229 841 1312 erratnequopati
862 1231 1162 1313 nequeperpeti
1184 1232 1334 1314 potest,
1358 1249 1507 1315 cupere

273 1355 495 1418 numquam
518 1335 708 1400 desinit“.
750 1334 874 1414 Quibus
891 1336 1014 1401 duobus
1037 1337 1165 1415 morbis,
1187 1338 1226 1401 ut
1248 1339 1395 1402 omittam
1419 1339 1507 1415 aiios,

276 1443 476 1525 aegritudine
499 1445 533 1508 et
556 1443 738 1526 cupiditate,
762 1443 818 1524 qui
833 1443 965 1508 tandem
987 1445 1121 1526 possunt
1143 1444 1175 1507 in
1199 1463 1327 1528 corpore
1351 1464 1420 1510 esse
1436 1464 1508 1528 gra-

275 1553 402 1615 viores?
442 1548 504 1629 Qui
519 1569 593 1616 vero
608 1551 735 1633 probari
758 1552 874 1634 potest,
897 1553 935 1616 ut
950 1551 1010 1615 sibi
1033 1551 1154 1616 mederi
1169 1551 1296 1616 animus
1317 1569 1381 1615 non
1397 1553 1506 1635 possib,

274 1677 351 1723 oum
378 1658 482 1740 ipsam
510 1657 700 1722 medicinam
724 1658 861 1742 corporis
886 1659 1012 1724 animus
1035 1658 1191 1724 invenerit
1214 1677 1351 1741 cumque
1375 1658 1415 1724 ad
1439 1678 1508 1724 cor-

274 1784 391 1849 porum
425 1765 624 1829 sanationem
657 1764 798 1829 multum
826 1765 896 1848 ipsa
928 1784 1059 1849 corpora
1094 1767 1127 1831 et
1159 1767 1277 1831 natura
1306 1768 1413 1832 valeat
1448 1786 1507 1832 nec

277 1889 403 1950 omnes,
438 1871 493 1953 qui
523 1871 628 1935 curari
660 1889 694 1935 se
724 1871 812 1954 passi
841 1872 922 1949 sint,
957 1873 1107 1937 continuo
1142 1874 1240 1938 etiam
1274 1875 1507 1952 convalescant,

277 1977 378 2042 animi
407 1979 532 2056 autom,
568 1977 624 2059 qui
653 1996 687 2041 se
717 1978 824 2042 sanari
854 1978 1013 2043 voluerint
1042 1980 1283 2063 praeceptisque
1313 1981 1507 2065 sapientium

276 2085 458 2169 paruerint,
487 2086 554 2150 sine
582 2086 650 2149 ulla
673 2085 870 2150 dubitatione
895 2087 1073 2150 sanentur?
1162 2087 1222 2150 list
1245 2086 1384 2170 profecto
1409 2088 1532 2156 animia

277 2192 449 2270 medicina,
478 2192 694 2276 philosophia3
724 2193 815 2257 cuius
839 2193 992 2258 auxilium
1014 2213 1078 2258 non
1107 2196 1144 2257 ut
1166 2194 1200 2257 in
1227 2194 1364 2277 corporis
1387 2195 1506 2260 morbis

277 2299 453 2383 petendum
481 2302 531 2363 est
558 2298 650 2378 foris,
681 2300 891 2382 omnibusque
919 2301 1031 2384 opibus
1059 2301 1195 2380 viribus,
1225 2302 1264 2365 ut
1290 2303 1416 2366 nosmet
1444 2302 1506 2386 ipsi

279 2407 371 2471 nobis
394 2406 514 2471 mederi
537 2407 705 2489 possimus,
729 2408 958 2486 elaborandum
982 2409 1040 2473 est.
1078 2407 1281 2490 Quamquam
1298 2408 1336 2474 de
1359 2409 1508 2474 universa

278 2513 487 2597 philosophia,
511 2515 630 2596 quanto
654 2533 746 2597 opere
769 2515 802 2578 et
825 2515 999 2598 expetenda
1023 2517 1108 2580 esset
1131 2516 1164 2579 et
1187 2514 1331 2592 colenda,
1355 2516 1447 2594 satis,
1469 2519 1508 2582 ut

352 2779 428 2848 Kap.
447 2779 479 2838 8.
519 2794 542 2834 s.
561 2780 630 2835 Dcm
644 2780 681 2833 At
698 2784 729 2834 et
746 2780 836 2833 morbi
914 2785 979 2834 sunt
997 2780 1074 2834 sollte
1094 2781 1272 2850 entsprechen
1289 2787 1314 2836 et
1331 2782 1432 2836 sonori
1444 2800 1509 2852 poe·

278 2874 351 2938 suot,
370 2869 450 2923 dafiir
466 2868 535 2938 iolgt
556 2869 613 2933 Qut
628 2887 688 2923 cero
702 2869 819 2938 probari
831 2874 917 2938 potest
996 2901 1030 2910 -
1049 2870 1104 2925 Das
1119 2870 1328 2940 perniciosiores
1341 2872 1407 2925 wird
1425 2872 1510 2926 durch

278 2960 333 3013 den
350 2959 583 3028 parenthetisohen
597 2958 658 3013 Satn
678 2959 732 3012 und
750 2959 798 3011 das
815 2975 956 3027 ungenaue
970 2959 1039 3013 Zitat
1057 2976 1105 3014 eus
1119 2960 1243 3014 Ennius
1262 2960 1367 3015 orhiiirt.
1399 2961 1509 3016 Ennius’

278 3050 443 3119 (239-169)
464 3048 585 3103 Annalem
603 3048 658 3101 und
672 3048 790 3101 Dramen
804 3049 911 3102 werden
926 3049 975 3102 mit
988 3047 1112 3103 Vorliebe
1127 3050 1278 3118 angefiihrt.
1298 3080 1332 3089 —
1350 3067 1433 3119 neque
1447 3050 1512 3119 peti

279 3156 364 3207 neque
378 3139 494 3207 perpeti]
513 3138 564 3191 Die
583 3137 757 3206 Verbindung
775 3154 939 3207 synonymer
957 3139 1021 3192 oder
1039 3138 1230 3207 etymologisch
1248 3139 1303 3192 und
1321 3138 1431 3193 lautlich
1449 3156 1511 3194 vcr-

281 3228 401 3281 wandter
410 3228 528 3294 Wbrter‚
546 3226 631 3281 selbst
648 3227 733 3280 durch
747 3232 771 3280 et
835 3232 866 3294 et,
885 3244 970 3296 oreque
1034 3244 1124 3296 neque,
1143 3232 1193 3281 cut
1257 3232 1313 3293 cut,
1332 3227 1368 3282 ist
1381 3228 1450 3281 auch
1468 3228 1511 3283 bei

280 3316 375 3372 Cicero
388 3316 464 3370 nicht
476 3315 562 3369 selten
582 3318 613 3386 (s.
627 3332 654 3369 u.
669 3317 685 3383 ἕ
700 3318 747 3371 15:
767 3316 881 3384 „orricio
894 3332 943 3371 suo
957 3318 985 3370 et
997 3317 1138 3385 muneri“;
1157 3317 1287 3385 „frugum
1302 3320 1329 3371 et
1342 3318 1510 3387 fructuum“,

280 3406 316 3459 de
333 3407 388 3460 nat
407 3406 479 3460 deor.
493 3405 544 3472 111,
558 3405 618 3472 86);
637 3405 680 3458 die
693 3404 861 3461 Alliteration
878 3423 935 3460 war
953 3405 1062 3460 solchen
1076 3406 1285 3476 Verbindungen
1302 3407 1353 3461 wie
1371 3407 1408 3460 im
1427 3407 1511 3461 Deut-

280 3493 363 3548 schen
379 3492 531 3548 ididerlich.
551 3524 585 3533 -
603 3493 702 3562 quibus
719 3494 821 3549 duobus
838 3495 953 3564 morbis]
968 3495 1010 3549 Da
1024 3496 1073 3549 der
1085 3495 1291 3565 vorangesteilte
1305 3495 1366 3551 Abi.
1381 3496 1436 3551 abs.
1450 3497 1512 3551 dem

257 3593 261 3598 '
280 3582 365 3642 Sinne
379 3583 448 3637 nach
461 3582 537 3636 nicht
549 3600 616 3651 ganz
630 3583 748 3637 deutlich
762 3584 805 3653 ist,
824 3601 854 3639 so
868 3587 937 3639 setzt
951 3585 1043 3641 Cicero
1057 3584 1100 3638 die
1115 3585 1180 3639 zwei
1194 3586 1459 3653 Hauptkranhhciten
1473 3586 1512 3641 als

282 3672 437 3743 Apposition
456 3673 526 3727 noch
539 3673 636 3728 hinnu:
655 3673 825 3742 beatitudine
842 3680 866 3727 ct
879 3674 1035 3744 eupiditate.
1055 3706 1090 3715 -
1108 3674 1159 3743 qui
1175 3675 1294 3744 tandem]
1310 3675 1428 3744 „welche
1442 3676 1514 3729 donn

281 3762 465 3832 cigentliohi“
486 3793 518 3803 -
543 3763 595 3831 qui
609 3764 680 3833 cero]
700 3762 768 3831 „wie
786 3763 892 3818 aber?“
911 3794 946 3804 —
967 3764 1084 3833 probari
1100 3765 1141 3834 et]
1160 3764 1323 3818 honstruiert
1339 3764 1391 3819 wie
1408 3765 1514 3832 efficere

282 3858 313 3906 ut
332 3852 501 3920 „beweisen‚
519 3853 598 3907 dass“
617 3852 771 3921 (eigentlioh
790 3868 841 3920 „es
860 3854 988 3907 zustandc
1006 3853 1164 3923 bringen“)‚
1190 3858 1324 3907 tenerem
1342 3854 1459 3921 „duram
1479 3870 1514 3908 an

281 3942 333 3995 der
350 3941 506 4011 Forderung
523 3941 681 4009 tosthaltem
705 3942 795 3996 dass“.
813 3973 848 3982 -
871 3959 985 4012 corporo
1003 3948 1027 3996 et
1043 3943 1156 4012 notura]
1182 3943 1228 3995 fiir
1246 3960 1390 4012 corporum
1410 3948 1514 3998 naimo

282 4031 348 4084 oder
364 4036 468 4085 umora
485 4030 579 4085 allein:
597 4036 701 4085 notura
718 4030 777 4084 sibi
792 4030 856 4101 epse
873 4032 973 4101 optime
990 4033 1116 4086 maetam
1148 4031 1239 4085 Daher
1253 4030 1322 4086 wohi
1341 4031 1409 4086 auch
1427 4026 1514 4087 now

282 4121 349 4173 stati
365 4121 480 4174 cubent.
498 4151 533 4160 —
559 4120 697 4191 continuo]
717 4121 852 4188 „soiort“.
872 4151 907 4160 —
931 4120 993 4175 sine
1010 4122 1070 4176 otte
1087 4120 1264 4191 dubitatione]
1287 4120 1403 4189 objehtir
1422 4120 1513 4189 „ohne

282 4208 356 4263 allen
370 4208 509 4277 Zweitel“‚
528 4210 611 4264 bitere
625 4209 676 4263 wie
689 4210 750 4264 eine
767 4210 864 4276 dubim
883 4211 933 4265 der
945 4227 1036 4281 sogcn.
1049 4209 1205 4265 Potentiaiis
1217 4209 1313 4264 driicht
1325 4209 1376 4263 wie
1390 4209 1428 4263 im
1437 4210 1513 4264 (irie-

284 4298 412 4353 chischen
429 4298 506 4352 nicht
523 4298 609 4353 selten
627 4298 687 4354 eine
701 4299 939 4354 nachdruchsvoiie
953 4300 1130 4370 Behauptung
1147 4316 1196 4355 aus
1214 4302 1247 4370 (z.
1262 4299 1292 4353 B.
1311 4299 1371 4356 κατ’
1391 4303 1514 4371 ἀνάγκην

285 4394 395 4459 γένοιτο
413 4389 467 4456 ἄν).

359 4492 382 4533 c.
405 4477 487 4548 forie]
506 4478 676 4547 ,‚drauisen“
694 4478 750 4532 und
768 4494 839 4547 „von
857 4480 1009 4534 auswiirts“
1027 4505 1062 4525 ι-
1079 4478 1260 4544 ectrinsecuo;
1284 4478 1367 4534 daher
1384 4478 1428 4533 die
1446 4477 1515 4533 Ver·

284 4564 527 4637 stiirkungnoomet
540 4567 605 4637 ipsi.
624 4599 658 4609 —
677 4568 773 4637 epieto
786 4568 904 4638 viribers]
919 4569 1084 4638 Asyndeton.
1099 4600 1133 4609 -
1151 4569 1328 4639 quenquam]
1343 4567 1514 4637 „indes‘t-
