3642 5225
314 513 352 576 58
713 513 923 569 Tusculanarum
940 514 1148 584 disputationum

317 696 415 761 quam
443 677 585 742 hostium
614 696 729 761 repens
753 678 910 743 adventus
939 678 1042 759 magis
1067 678 1232 761 eliquanto
1256 680 1425 744 conturbat
1449 698 1558 762 quam

316 786 518 868 exspectatus
549 786 581 849 et
608 786 706 849 maris
735 785 842 850 subita
869 786 1046 868 tempestas
1071 803 1169 866 quam
1200 787 1273 849 anto
1296 786 1424 869 provisa
1445 787 1558 852 terret

315 891 505 972 navigantes
536 891 756 956 vehementius
791 893 823 956 et
855 892 1009 957 eiusmodi
1040 894 1117 957 sunt
1145 893 1306 976 pleraque.
1360 891 1438 971 Sed,
1475 912 1556 958 oum

317 997 485 1080 diligenter
507 999 770 1082 necopinatorum
792 1001 945 1064 naturam
968 999 1163 1077 consideres,
1192 1000 1273 1064 nihil
1297 999 1382 1064 aliud
1406 1000 1554 1083 reperias

318 1104 380 1168 nisi
402 1105 508 1169 omnia
530 1105 630 1169 videri
654 1106 761 1170 subita
783 1106 906 1170 maiora
937 1105 1125 1187 etquidem
1149 1106 1188 1170 ob
1216 1105 1296 1170 duas
1324 1123 1452 1183 causas,
1483 1107 1555 1190 pri-

316 1230 407 1275 mum
430 1211 523 1293 quod,
548 1214 669 1295 quanta
692 1213 757 1277 sint
781 1230 862 1295 quae
887 1212 1046 1290 accidunt,
1076 1212 1296 1277 considerandi
1319 1213 1459 1296 spatium
1483 1231 1554 1278 non

316 1317 419 1396 datur,
443 1319 565 1398 deinde,
589 1339 663 1384 oum
685 1319 812 1384 videtur
834 1320 1018 1403 praecaveri
1040 1320 1193 1403 potuisse,
1217 1321 1244 1384 si
1266 1320 1429 1403 provisum
1452 1323 1552 1399 esset,

272 1445 304 1488 ss
316 1426 408 1507 quasi
424 1426 518 1510 culpa
533 1428 734 1492 contractum
749 1427 871 1491 malum
888 1426 1123 1509 aegritudinem
1147 1426 1301 1491 acriorem
1323 1424 1408 1491 facit
1454 1424 1553 1505 Quod

313 1532 361 1597 ita
383 1551 452 1597 esse
476 1534 543 1598 dies
560 1533 710 1612 declarat,
734 1552 816 1616 quae
839 1533 1013 1617 procedens
1037 1534 1084 1598 ita
1107 1534 1244 1616 mitigat,
1267 1534 1305 1597 nt
1327 1533 1429 1598 isdem
1450 1534 1551 1599 malis

314 1641 518 1705 manentibus
534 1659 597 1704 non
614 1640 705 1705 modo
721 1641 860 1705 leniatur
884 1640 1059 1722 aegritudo,
1086 1640 1142 1705 sed
1165 1641 1198 1705 in
1222 1641 1381 1724 plerisque
1404 1640 1551 1706 tollatur.

316 1745 601 1828 Karthaginienses
631 1748 727 1812 multi
749 1748 870 1812 Romae
901 1747 1099 1825 servierunt,
1135 1747 1324 1812 Macedones
1354 1766 1428 1830 rege
1450 1747 1553 1814 Porso

315 1855 424 1936 capt03
449 1853 512 1917 vidi
536 1855 632 1918 etiam
654 1855 689 1918 in
704 1853 929 1938 Peloponneso,
954 1875 1029 1920 cum
1053 1873 1158 1920 essem
1174 1854 1369 1933 adulescens,
1393 1854 1553 1937 quosdam

318 1961 506 2028 Corinthios.
558 1961 602 2024 Hi
631 1963 779 2044 poterant
808 1981 918 2026 omnes
949 1962 1061 2027 eadem
1092 1961 1149 2026 illa
1179 1961 1217 2026 do
1241 1962 1464 2027 Andromacha
1494 1961 1551 2028 de·

314 2070 455 2153 plorare:

427 2194 536 2258 Haec
560 2193 694 2258 imula
717 2193 803 2258 vidi
826 2223 907 2271 .·...,

320 2335 374 2400 sed
397 2336 462 2399 iam
485 2335 734 2400 decantaverant
756 2335 902 2401 fortasse.
947 2337 993 2402 Eo
1024 2338 1109 2402 enim
1144 2339 1236 2402 erant
1258 2337 1366 2415 vultu,
1397 2338 1551 2418 oratione,

318 2443 404 2507 omni
427 2443 548 2524 reliquo
571 2444 660 2507 motu
685 2446 718 2507 et
741 2445 839 2521 statu,
862 2445 901 2507 ut
924 2462 978 2508 eos
998 2446 1132 2526 Argivos
1157 2448 1215 2508 cut
1232 2443 1394 2528 Sicyonios
1417 2445 1551 2525 diceres,

318 2551 484 2633 magisque
508 2569 559 2615 me
582 2552 749 2615 moverant
765 2550 910 2617 Corinthi
934 2552 1039 2617 subito
1064 2551 1233 2636 adspectae
1255 2551 1429 2635 parietinae
1450 2570 1552 2635 quam

321 2658 406 2742 ipsos
430 2657 626 2734 Corinthios,
657 2677 794 2740 quorum
823 2660 939 2723 animis
963 2660 1119 2725 diuturna
1142 2660 1291 2741 cogitatio
1315 2660 1433 2724 callum
1457 2661 1552 2725 vetu-

274 2781 305 2821 11
321 2766 416 2829 statis
447 2764 627 2829 obduxerat.
673 2765 824 2846 Legimus
853 2766 973 2829 librum
998 2765 1203 2844 Clitomachi,
1233 2785 1329 2848 quom
1358 2767 1413 2831 illo
1436 2784 1552 2832 eversa

314 3030 472 3099 praecaveri
483 3029 617 3099 patuisse,
636 3028 665 3082 si
680 3029 820 3098 provisam
838 3030 914 3099 esset]
940 3030 1039 3084 direht:
1055 3031 1217 3098 praecaveri
1229 3031 1332 3100 potuit,
1356 3030 1385 3084 si
1403 3029 1549 3100 promum

315 3125 388 3173 esset.
402 3151 436 3158 —
455 3120 632 3188 acraraetam]
648 3118 698 3172 wie
712 3118 741 3171 in
754 3120 910 3173 contrahere
924 3120 1025 3183 odiam,
1045 3120 1190 3187 iristitiam,
1210 3138 1255 3175 aes
1269 3119 1399 3186 alhaum,
1420 3118 1550 3187 „herbei-

315 3210 456 3278 geliihrt“.

389 3312 429 3353 ss.
452 3297 704 3367 Karthaginienses]
724 3313 753 3351 so
772 3296 814 3350 (119
832 3296 1000 3366 hoglaubigte
1019 3298 1219 3353 Schrcibweise.
1240 3330 1273 3337 -
1296 3315 1356 3367 rege
1373 3297 1463 3367 Perse]
1483 3314 1546 3351 zum

315 3387 392 3441 Nom.
403 3403 452 3440 rex
461 3388 565 3441 Perses.
584 3387 700 3441 Perseus
710 3386 801 3440 wurde
813 3388 864 3442 168
872 3403 897 3440 v.
905 3386 968 3442 Chr.
978 3388 1047 3441 nach
1056 3388 1105 3441 der
1114 3387 1292 3442 Schlechthci
1302 3387 1397 3455 Pydna
1405 3387 1549 3455 getangen.

315 3475 366 3530 Die
389 3475 550 3543 Zerstdrung
571 3475 699 3529 Korinths
721 3475 849 3529 beriihrte
872 3475 965 3531 Cicero
988 3478 1043 3530 und
1069 3477 1168 3531 andere
1190 3476 1323 3545 gebildete
1346 3477 1458 3531 Mtnner
1480 3477 1550 3531 stets

316 3563 492 3618 sohmorzlich
511 3563 654 3634 (Sulpicius
672 3564 700 3616 in
719 3564 820 3617 seinem
835 3565 990 3632 Trostbriei,
1009 3565 1103 3621 Cicero
1122 3567 1154 3620 ad
1173 3567 1237 3621 19111.
1252 3567 1300 3634 IV,
1319 3568 1344 3635 5,
1363 3568 1398 3634 4).
1419 3598 1453 3606 -
1471 3566 1549 3637 criti]

315 3653 372 3706 Aut
389 3652 479 3706 solche
498 3668 545 3706 aus
564 3653 652 3706 seincr
670 3652 836 3707 Studienzeit
854 3655 970 3722 (te-77
989 3672 1014 3708 1.
1031 3654 1104 3723 Chr.)
1123 3656 1308 3710 stammcnden
1321 3655 1550 3724 Beohachtungen

316 3740 407 3794 her-uit
420 3740 478 3794 sich
491 3741 583 3797 Cicero
602 3743 693 3797 511919.
714 3774 747 3781 -
766 3742 818 3796 iila
836 3743 868 3797 de
881 3744 1085 3814 Andromacha]
1100 3745 1182 3813 „jeno
1192 3746 1286 3800 Wortc
1305 3761 1353 3800 aas
1367 3746 1415 3799 der
1429 3745 1550 3813 ,Andro-

316 3830 456 3898 macha‘“,
474 3831 525 3886 wie
545 3850 567 3887 z.
582 3831 614 3885 B.
632 3833 665 3887 (19
680 3832 728 3885 off.
743 3832 793 3901 HI,
808 3834 858 3888 82:
876 3833 1015 3901 „Graecos
1033 3850 1128 3889 versus
1146 3835 1179 3888 de
1193 3834 1377 3889 Phoenissis“.
1396 3866 1431 3874 -
1448 3835 1548 3888 decan-

317 3923 449 3990 taverant]
475 3947 508 3965 =
528 3927 638 3975 cardare
656 3922 808 3975 demeat:
836 3940 914 3992 „nun
939 3922 1076 3977 vielleicht
1100 3923 1194 3978 hatten
1218 3924 1257 3978 sic
1280 3940 1309 3979 es
1332 3940 1469 3993 gesungen
1491 3924 1549 3977 und

317 4010 440 4079 sangen’s
453 4028 505 4063 nur
518 4009 593 4064 nicht
607 4011 713 4065 mehr“.
729 4043 763 4050 —
782 4013 913 4082 oratiam]
935 4011 1147 4082 „Sprechweisa
1166 4013 1315 4081 8119911911.
1331 4046 1364 4053 -
1382 4012 1547 4083 parietinae]

317 4124 350 4143 =
370 4099 446 4153 mari
463 4100 554 4153 dinae·
571 4099 729 4167 „Ruinen“.
752 4130 783 4139 -
802 4101 904 4154 callam
923 4101 1077 4171 obdurarat]
1096 4103 1199 4156 callam
1216 4102 1341 4157 ciriacae
1360 4103 1457 4171 „harto
1472 4101 1549 4156 Haut

316 4188 431 4243 dariibcr
449 4189 572 4243 wachsen
591 4188 711 4256 lassen“,
736 4189 922 4259 regelmdlsige
940 4191 1129 4261 Verbindung3
1155 4192 1258 4245 callam
1274 4192 1414 4246 vetustatis
1432 4190 1482 4244 wie
1500 4190 1548 4243 ire-

316 4282 394 4330 acuta
411 4278 588 4332 necessitatis.
707 4286 709 4288 ’

390 4380 431 4419 ss.
461 4367 638 4437 Clitomachi]
657 4367 837 4423 Clitomachus
856 4383 905 4421 aus
923 4368 1058 4437 Karthago
1076 4370 1168 4423 warde
1187 4372 1283 4426 1291.
1303 4369 1364 4425 Chr.
1384 4367 1549 4437 Naohiolgcr

315 4454 364 4509 des
378 4453 537 4524 Carneades,
555 4456 604 4510 der
622 4458 674 4512 155
692 4457 742 4509 mit
756 4456 887 4512 Critolaus
905 4458 961 4511 und
974 4458 1108 4528 Diogenes
1122 4458 1285 4527 Babylonius
1304 4476 1337 4513 zu
1349 4459 1418 4513 Rom
1435 4475 1499 4524 war,
1518 4459 1548 4510 in

316 4542 365 4597 der
377 4543 537 4614 diademo,
556 4561 587 4599 91
604 4546 743 4600 zeichnetc
761 4547 857 4601 desscn
871 4546 980 4601 Lchren
998 4548 1052 4615 aui,
1072 4547 1178 4602 schrieh
1197 4548 1256 4602 eine
1274 4548 1362 4617 grosse
1376 4546 1480 4602 Anzahl
1494 4563 1548 4601 von
