3642 5225
341 530 393 591 194
736 531 945 586 Tusculanarum
963 531 1170 601 disputationum

338 695 421 758 sit.“
467 697 517 759 An
546 696 607 760 hoc
635 713 700 758 non
729 695 776 759 ita
804 695 842 758 fit
871 694 958 759 omni
988 695 1021 758 in
1050 695 1192 778 populo?
1226 714 1330 759 nonne
1361 713 1492 760 omnem
1525 715 1579 760 ex-

340 802 557 884 superantiam
579 801 709 867 virtutis
732 802 890 866 oderunt?
923 800 1031 881 Quid?
1061 802 1218 866 Aristides
1242 802 1339 886 (malo
1361 803 1446 867 enim
1471 802 1579 868 Grae-

279 913 282 917 ’
339 927 449 973 corum
474 927 571 990 quam
593 911 704 973 nostra
727 908 881 993 proferre)
903 928 1008 973 nonne
1033 909 1072 973 ob
1096 927 1168 973 eam
1191 927 1321 973 causam
1345 910 1500 993 expulsus
1526 911 1579 974 est

289 1054 303 1080 .·
340 1015 460 1099 patria,
489 1015 573 1097 quod
596 1015 877 1098 praetermodum
899 1015 1005 1080 iustus
1029 1017 1139 1080 esset?
1185 1014 1322 1094 Quantis
1349 1016 1449 1098 igitur
1471 1018 1578 1081 molo-

340 1122 410 1186 stiis
433 1124 562 1199 vacant,
586 1123 641 1204 qui
663 1122 894 1187 nihilomnino
918 1142 991 1187 cum
1014 1123 1130 1206 populo
1155 1123 1365 1187 contrahunt!
1412 1121 1499 1201 Quid
1525 1125 1578 1188 est

338 1229 424 1293 enim
453 1229 578 1294 dulcius
608 1229 672 1293 otio
701 1229 869 1293 litterato?
903 1229 943 1293 iis
973 1229 1042 1293 dico
1071 1229 1202 1306 litteris,
1232 1229 1348 1311 quibus
1376 1229 1577 1295 infinitatem

339 1354 446 1400 rerum
469 1337 565 1418 atque
589 1338 724 1400 naturae
749 1338 782 1401 et
803 1337 835 1400 in
858 1336 919 1401 hoo
941 1336 1010 1419 ipso
1033 1336 1153 1400 mundo
1177 1337 1310 1414 caelum,
1332 1338 1445 1414 terras,
1468 1338 1577 1401 maria

340 1443 567 1525 cognoscimus.

286 1539 328 1602 37
429 1549 621 1634 Contempto
644 1549 744 1632 igitur
765 1549 893 1627 honore,
916 1551 1101 1632 contempta
1117 1550 1217 1613 etiarn
1231 1551 1367 1632 pecunia
1382 1550 1458 1631 quid
1474 1551 1576 1615 relin-

281 1626 329 1668 ¹⁰⁶
342 1657 459 1738 quitur,
476 1657 560 1739 quod
575 1656 845 1721 extimescendum
862 1656 927 1720 sit?
959 1656 1124 1732 Exsilium,
1148 1656 1249 1733 credo,
1273 1656 1358 1738 quod
1372 1657 1406 1720 in
1420 1658 1574 1722 maximis

341 1763 434 1827 malis
458 1763 594 1828 ducitur.
638 1762 678 1826 Id
709 1763 736 1826 si
764 1766 893 1847 propter
923 1763 1062 1827 alienam
1090 1764 1123 1828 et
1150 1762 1302 1827 offensam
1326 1764 1436 1847 populi
1457 1765 1576 1829 volun-

340 1873 441 1934 tatem
464 1871 587 1934 malum
610 1871 673 1948 est,
703 1888 800 1952 quam
824 1869 867 1933 sit
889 1888 927 1934 ea
950 1869 1195 1947 contemnenda,
1224 1871 1319 1953 paulo
1349 1874 1424 1935 ante
1449 1870 1576 1937 dictum

341 1979 399 2041 est.
439 1976 495 2042 Sin
519 1978 630 2043 abesse
653 1977 760 2060 patria
782 1977 937 2042 miserum
961 1978 1020 2053 est,
1042 1976 1155 2060 plenae
1178 1977 1369 2041 miserorum
1391 1979 1575 2060 provinciae

341 2085 426 2162 sunt,
450 2102 487 2148 ex
510 2085 625 2166 quibus
649 2083 821 2149 admodum
843 2083 939 2168 pauci
960 2083 994 2146 in
1016 2083 1155 2167 patriam
1173 2085 1387 2148 revertuntur.
1421 2087 1465 2148 At
1489 2085 1576 2149 mul-

280 2211 328 2253 1or
342 2193 454 2256 tantur
483 2191 572 2256 bonis
602 2191 737 2255 exsules.
783 2188 867 2269 Quid
890 2192 987 2254 tum?
1017 2207 1172 2272 parumne
1202 2191 1308 2254 multa
1338 2190 1377 2254 de
1406 2191 1577 2256 toleranda

288 2326 296 2353 .·
342 2299 531 2381 paupertate
554 2297 727 2362 dicuntur?
772 2297 844 2362 Iam
866 2316 941 2361 vero
966 2297 1120 2374 exsilium,
1144 2297 1171 2360 si
1194 2315 1302 2362 rerum
1324 2299 1486 2375 naturam,
1510 2317 1577 2363 non

342 2405 549 2487 ignominiam
564 2405 701 2469 nominis
718 2404 910 2487 quaerimus,
934 2407 1091 2485 quantum
1111 2402 1241 2467 tandem
1264 2422 1283 2468 a
1305 2407 1460 2487 perpetua
1483 2424 1578 2487 pere-

343 2511 519 2594 grinatione
542 2510 670 2576 differt?
694 2511 728 2574 in
752 2494 815 2593 qua
838 2513 961 2576 aetates
985 2528 1061 2574 suas
1083 2510 1263 2594 philosophi
1284 2510 1476 2575 nobilissimi
1500 2530 1578 2576 con-

343 2623 562 2702 sumpserunt,
584 2620 794 2697 Xenocrates,
818 2618 967 2695 Crantor,
990 2618 1162 2695 Arcesilas,
1189 2618 1351 2701 Lacydes,
1373 2618 1577 2698 Aristoteles,

343 2906 384 2947 τις
402 2895 538 2950 τοιοῦτος,
562 2888 628 2959 ἄλλῃ
647 2904 675 2939 τε
693 2888 741 2939 καὶ
757 2881 821 2956 μετ’
839 2887 935 2937 aalma.
955 2913 989 2921 -
1014 2881 1093 2936 omni
1108 2883 1142 2935 dn
1157 2882 1267 2953 populo]
1286 2881 1429 2937 Geschickt
1445 2882 1579 2937 verflicht

344 2972 403 3026 hier
416 2972 509 3028 Cicero
527 2973 579 3026 den
592 2972 721 3026 Vorwurf
732 2988 817 3041 gegen
831 2971 877 3026 das
890 2970 960 3025 Vollr
977 2988 1070 3041 wegen
1088 2972 1178 3026 seiner
1195 2970 1307 3041 cigsnen
1321 2970 1507 3040 Vsrbannung
1525 2972 1580 3025 mit

345 3062 405 3116 dem
424 3061 545 3116 Hinweis
568 3063 615 3116 aui
639 3061 682 3115 die
707 3062 754 3115 auf
777 3061 935 3116 unsichsrer
952 3060 1115 3129 Vollisgonst
1132 3059 1288 3115 basierende
1305 3059 1397 3114 Macht
1414 3059 1520 3116 casam
1540 3092 1578 3102 -

343 3150 575 3220 campanariam]
597 3154 722 3223 ὑπεροχή,
742 3139 953 3219 „I''lbcrragsn“;
972 3151 1019 3204 das
1033 3150 1113 3203 Wort
1130 3152 1204 3203 sonat
1217 3149 1292 3204 nicht
1303 3148 1332 3201 in
1346 3148 1395 3203 der
1406 3148 1578 3205 llassischsn

344 3239 433 3294 Prosa
448 3272 483 3280 -
501 3240 674 3309 contrahant]
694 3239 772 3306 „sich
791 3238 954 3307 sinlassan“,
973 3254 1021 3293 aus
1035 3239 1083 3291 der
1097 3238 1357 3307 Geschtitssprachc.
1377 3269 1410 3278 -
1429 3237 1485 3292 otti)
1504 3238 1577 3292 loitc-

343 3331 413 3399 ναῶ]
433 3329 483 3384 wie
500 3329 568 3397 jetat
584 3328 659 3383 scine
677 3328 806 3398 (Ciceros)
825 3328 895 3397 „der
912 3326 1133 3383 Schriftstellorsi
1150 3327 1307 3396 gewidmete
1325 3326 1445 3382 Musse“.

414 3471 492 3539 Καρ.
513 3471 564 3530 37.
606 3485 662 3527 roo.
681 3471 822 3542 madium]
840 3471 892 3525 Dis
907 3469 1140 3539 philosophischsn
1154 3470 1371 3540 Batrachiongen
1385 3468 1494 3525 Ciceros
1507 3470 1577 3525 laon·

343 3560 486 3615 trastisren
510 3559 574 3615 selrr
596 3577 682 3631 gagen
706 3561 758 3615 den
781 3560 985 3629 jammcrlichen
1006 3560 1062 3615 Tun
1085 3558 1174 3615 seiner
1195 3558 1287 3614 Brisfe
1310 3574 1358 3614 aus
1380 3558 1429 3613 der
1449 3558 1577 3613 Verban-

343 3666 424 3718 nung.
443 3680 477 3689 —
501 3650 632 3719 dacum]
656 3650 694 3704 im
711 3648 794 3704 Sinna
816 3666 869 3703 von
886 3648 1079 3703 adamatam.
1100 3679 1133 3688 —
1158 3666 1190 3703 aa
1206 3648 1316 3718 quidus]
1339 3645 1418 3702 Visis
1440 3645 1578 3701 siedeltsn

343 3737 402 3791 sich
423 3753 518 3807 wegen
540 3738 588 3791 der
605 3737 810 3808 Geldgsschiifte
833 3738 897 3791 oder
919 3737 968 3792 des
985 3736 1105 3791 Haodels
1124 3737 1187 3791 oder
1205 3737 1253 3803 der
1271 3736 1430 3806 Borgwerke
1452 3734 1578 3790 dauemd

344 3826 372 3879 in
390 3827 443 3881 den
461 3826 611 3882 Provinasn
629 3844 671 3882 an.

417 3937 474 3979 ror.
492 3942 586 3979 rcmm
602 3930 735 3979 amaram
815 3924 985 3994 nummus]
1005 3924 1074 3991 „das
1087 3924 1196 3991 Wesen,
1215 3922 1259 3977 dis
1273 3922 1358 3979 Socha
1371 3922 1415 3977 bai
1427 3922 1508 3977 Licht
1525 3922 1578 3977 be·

346 4013 490 4069 montem.
509 4046 544 4054 -
565 4013 753 4083 symmetriam
774 4013 909 4084 minu]
934 4014 1003 4081 „das
1021 4012 1192 4067 Entehrends
1215 4012 1263 4066 der
1280 4011 1494 4081 Bezaichnung“
1519 4014 1578 4081 (co-

346 4103 409 4172 aul).
427 4134 463 4143 -
480 4102 653 4173 Χοηοσναίιε]
672 4102 723 4157 Die
743 4104 777 4158 16
795 4103 901 4157 Naman
919 4101 1051 4157 rsrtsilsn
1069 4101 1128 4156 sich
1145 4118 1189 4156 so:

396 4201 423 4270 1)
448 4200 675 4255 Xenokratas
699 4202 759 4271 (aus
777 4200 940 4269 Kalohadon)
964 4200 1021 4253 und
1043 4200 1200 4254 Krantor
1224 4200 1282 4270 (aus
1304 4197 1376 4253 Soloi
1397 4196 1425 4250 in
1443 4197 1579 4269 Kililien)

502 4289 542 4344 als
559 4290 702 4344 Vertrstsr
720 4290 768 4344 der
786 4290 857 4344 alten
875 4288 1036 4354 diademi03

395 4380 423 4449 2)
448 4377 637 4434 Arlesilas
661 4382 722 4448 (aus
745 4378 840 4434 Pitane
864 4378 892 4431 in
915 4369 1001 4445 dolis)
1025 4379 1081 4432 und
1105 4377 1164 4432 sein
1188 4375 1302 4432 Schiilsr
1326 4375 1489 4444 Lakydes
1515 4378 1581 4447 (aus

501 4468 620 4537 Kyrene)
639 4468 680 4523 als
697 4468 838 4522 ventretea
855 4468 903 4522 der
920 4466 1057 4522 nrittlersn
1075 4465 1233 4532 diademie3

259 4569 308 4693 ι
394 4558 422 4627 3)
449 4556 674 4612 Aristoteles
693 4559 753 4628 (aus
770 4556 903 4627 Stageiros
922 4573 968 4612 am
986 4556 1112 4626 Strymon
1129 4556 1157 4609 in
1176 4554 1318 4623 Thralisn,
1342 4555 1434 4625 †322
1452 4571 1479 4608 v.
1500 4555 1581 4628 clu.)
