3642 5225
760 547 816 601 uo.
838 548 884 616 εν,
902 564 926 635 ⁰:
946 550 1022 604 r-a.
1473 549 1510 610 aa

270 711 414 774 noceant
435 708 598 773 invidenti.
643 709 728 773 Nam
752 710 779 773 si
803 710 858 791 qui
882 711 988 774 doleat
1011 712 1078 776 eius
1102 713 1197 777 rebus
1221 713 1377 790 secundis,
1402 731 1420 776 a
1444 701 1539 795 qu08

273 817 345 899 ipse
361 816 516 893 laedatur,
539 834 601 879 non
625 819 710 881 recte
727 817 852 880 dicatur
871 817 1020 895 invidere,
1043 822 1080 882 ut
1104 819 1131 882 si
1146 819 1276 884 Hectori
1293 823 1505 902 Agamemno:
1522 788 1549 827 Π

275 923 334 1004 qui
358 925 476 999 autem,
499 922 551 987 cui
574 924 705 987 alterius
729 924 894 988 commoda
917 925 997 988 nihil
1011 928 1154 1003 noceant,
1177 928 1285 991 tamen
1311 946 1384 991 eum
1399 927 1506 990 doleat

275 1031 317 1094 iis
341 1029 418 1107 frui,
448 1031 475 1093 is
498 1030 639 1094 invideat
661 1029 810 1112 profecto.
855 1032 1087 1096 Aemulatio
1118 1035 1227 1098 autem
1251 1033 1419 1117 dupliciter
1450 1034 1506 1097 illa

274 1137 407 1220 quidem
431 1137 557 1212 dicitur,
580 1139 618 1201 ut
641 1140 673 1201 et
696 1139 729 1201 in
752 1138 846 1202 laude
871 1140 903 1202 et
926 1139 959 1203 in
982 1140 1057 1203 vitio
1080 1159 1195 1205 nomen
1210 1140 1271 1204 hoo
1294 1141 1352 1215 sit3
1375 1159 1450 1205 nam
1474 1143 1507 1204 et

276 1244 414 1308 imitatio
437 1245 565 1307 virtutis
594 1245 765 1309 aemulatio
789 1245 905 1309 dicitur
928 1246 996 1328 (sed
1020 1265 1057 1310 ea
1079 1247 1160 1310 nihil
1181 1248 1242 1311 hoc
1264 1248 1333 1312 loco
1363 1248 1503 1321 utimum

275 1352 329 1415 est
357 1351 442 1415 enim
468 1351 601 1435 laudis),
632 1353 664 1416 et
692 1354 741 1415 est
769 1353 940 1417 aemulatio
969 1354 1151 1434 aegritudo,
1183 1355 1210 1418 si
1240 1373 1292 1432 eo,
1325 1354 1408 1436 quod
1434 1374 1506 1419 con-

275 1458 421 1540 cupierit,
445 1459 526 1522 alius
550 1458 699 1542 potiatur,
722 1459 789 1541 ipse
814 1461 929 1524 careat.
966 1459 1230 1526 Obtrectatio
1254 1463 1363 1526 autem
1387 1464 1444 1538 est,
1469 1481 1506 1527 ea

276 1584 376 1647 quam
399 1565 541 1647 intellegi
564 1562 766 1653 ζηλοτυπίαν
788 1567 868 1644 vola,
892 1567 1057 1649 aegritudo
1080 1587 1118 1632 ex
1141 1587 1191 1645 eo,
1217 1568 1300 1650 quod
1325 1569 1406 1632 alter
1430 1587 1507 1651 quo-

276 1691 341 1754 que
374 1673 516 1755 potiatur
551 1691 603 1750 eo,
639 1673 722 1754 quod
755 1673 823 1756 ipse
859 1675 1080 1758 concupiverit.
1127 1675 1423 1739 Misericordia
1457 1679 1550 1740 estre

276 1779 444 1862 aegritudo
468 1799 505 1844 ex
528 1781 657 1844 miseria
680 1781 812 1844 alterius
834 1781 952 1845 iniuria
974 1783 1164 1856 laborantis;
1189 1801 1282 1846 nemo
1306 1783 1391 1846 enim
1406 1783 1507 1865 parri-

274 1886 366 1952 cidae
397 1890 454 1950 aut
483 1887 651 1970 proditoris
682 1888 833 1971 supplicio
864 1888 1080 1952 misericordia
1109 1891 1345 1963 commoratum
1382 1908 1507 1972 angor

277 1993 445 2075 aegritudo
473 2013 636 2077 gramana,
665 1995 807 2059 luctus
837 1995 1002 2076 aegritudo
1030 2014 1068 2058 er
1091 1996 1172 2072 eius,
1204 1996 1258 2077 qui
1282 2015 1374 2060 carus
1398 1995 1506 2074 fuerit,

276 2100 410 2164 interitu
433 2102 561 2178 acerbo,
591 2120 747 2165 maeror
774 2101 940 2182 aegritudo
964 2101 1092 2179 debilis,
1122 2120 1314 2166 aerumna
1341 2102 1506 2181 aegritudo

277 2207 444 2284 laboriosa,
467 2208 583 2272 dolor
606 2208 770 2290 aegritudo
794 2209 948 2285 crucians,
971 2209 1219 2272 lamentatio
1244 2209 1408 2291 aegritudo
1432 2229 1508 2274 cum

276 2315 409 2391 eiulatu,
432 2314 674 2380 sollicitudo
691 2315 858 2396 aegritudo
875 2334 949 2379 cum
965 2315 1163 2397 cogitatione,
1186 2316 1381 2380 molestia
1404 2317 1507 2398 aegri-

276 2421 355 2486 tudo
378 2440 582 2505 permanens,
613 2421 853 2486 adflictatio
884 2422 1049 2503 aegritudo
1072 2441 1146 2486 cum
1168 2423 1332 2487 vexatione
1357 2424 1506 2506 corporis,

276 2657 325 2708 καὶ
337 2656 469 2727 κεραμεὺς
482 2659 597 2726 κεραμεῖ
608 2657 727 2706 κοτέει
745 2657 799 2706 κτλ.
815 2683 849 2691 -
868 2651 943 2705 aiiii
959 2654 1082 2721 noceam]
1102 2652 1137 2705 ist
1151 2652 1195 2707 ein
1208 2669 1294 2707 neuer
1303 2652 1510 2722 Gesichtspunkt

279 2740 329 2794 dar
346 2740 457 2795 Stoilrer.

350 2884 428 2954 Καρ.
448 2886 478 2942 8.
520 2899 559 2938 ιε.
578 2884 744 2953 Aemulatio]
764 2884 997 2954 „Nacheiierung
1016 2885 1197 2954 Missgunst“;
1217 2886 1308 2954 Arist,
1328 2886 1508 2954 rhet.11,11:

278 2981 337 3040 „El
354 2978 408 3047 γάρ
426 2977 502 3029 ἔστιν
520 2978 619 3043 ζῆλος
637 2978 709 3042 λύπη
728 2996 768 3036 τις
786 2977 833 3029 ἐπὶ
853 2981 1008 3049 φαινομένη
1027 2983 1167 3049 παρουσίᾳ
1191 2979 1309 3045 ἀγαθῶν
1326 2979 1444 3049 ἐντίμων
1462 2981 1509 3030 καὶ

276 3064 467 3136 ἐνδεχομένων
492 3066 567 3133 αὐτῷ
591 3068 684 3131 λαβεῖν
708 3063 761 3132 (die
784 3063 853 3117 auch
871 3080 901 3116 er
919 3063 1077 3118 bokomman
1094 3064 1204 3132 kanuto)
1230 3070 1292 3136 περὶ
1311 3067 1375 3126 τούς
1394 3069 1509 3138 ὁμοίους

278 3157 312 3225 τῇ
331 3156 415 3225 φύσει
432 3153 465 3219 (ι.
484 3152 515 3205 Β.
535 3152 666 3206 Aristides
685 3153 740 3206 und
758 3152 975 3220 Themistones),
1001 3156 1052 3225 οὐχ
1070 3155 1113 3207 ὅτι
1133 3157 1216 3223 aare,
1241 3150 1302 3207 ἀλλ’
1320 3155 1362 3207 ὅτι
1381 3156 1443 3225 ούχὶ
1461 3160 1509 3207 καὶ

279 3244 353 3309 αύτῷ
372 3243 454 3306 ἔστιν,
473 3243 530 3310 (διὸ
547 3248 594 3296 καὶ
613 3246 730 3309 ἐπιεικής
749 3246 824 3297 ἔστιν
843 3241 892 3311 [im
909 3241 1003 3311 laada]
1024 3246 1039 3296 ὁ
1058 3246 1133 3311 ζῆλος
1150 3248 1197 3297 καὶ
1215 3245 1342 3297 ἐπιεικῶν
1359 3241 1417 3310 [der
1434 3240 1509 3310 billig

277 3329 470 3400 Deukandan],
495 3335 526 3386 τὸ
550 3334 581 3386 δὲ
606 3340 723 3403 φθονεῖν
741 3336 849 3405 φαῦλον
866 3338 913 3386 καὶ
938 3336 1051 3403 φαύλων
1070 3333 1141 3399 .,.),
1167 3335 1273 3402 ἀνάγκη
1297 3333 1332 3399 a]
1351 3334 1510 3399 ζηλωτικοὺς

278 3419 421 3487 (mantas)
443 3422 497 3493 μὲν
515 3421 586 3475 εἶναι
604 3423 668 3482 τοὺς
687 3423 832 3483 ἀξιοῦντας
852 3422 951 3482 αύτούς
970 3424 1086 3490 ἀγαθῶν
1105 3416 1142 3475 ὧν
1159 3423 1200 3493 μὴ
1218 3423 1355 3492 ἔχουσιν.“
1374 3452 1408 3460 -
1434 3424 1508 3488 ζηλο-
1568 3465 1577 3479 ,

278 3508 375 3577 τυπία]
391 3508 596 3577 „Eiiersucht“,
610 3509 681 3577 qaaod
693 3509 762 3562 altar
775 3526 876 3578 qaoque
885 3509 1012 3578 potiatur
1025 3510 1087 3576 („er
1102 3509 1244 3579 erlaugt“),
1264 3509 1319 3563 also
1333 3508 1509 3563 verschieden

277 3613 340 3650 vom
359 3597 454 3666 obigen
468 3602 557 3668 ζῆλος,
577 3598 641 3651 aber
658 3614 739 3651 wana
757 3614 786 3651 es
800 3598 896 3651 darauf
914 3597 956 3651 boi
969 3598 1126 3652 Aristoteles
1140 3599 1234 3653 heilst:
1253 3605 1300 3654 καὶ
1319 3595 1357 3653 ὧν
1375 3602 1510 3671 πρόγονοι

279 3692 296 3754 ί)
311 3695 455 3759 συγγενεῖς
532 3690 648 3761 ἔντιμοι,
668 3692 805 3756 ζηλωτικοὶ
824 3694 886 3759 περὶ
901 3699 1001 3742 ταῦτα·
1022 3694 1109 3743 οἰκεῖα
1127 3692 1181 3763 γὰρ
1201 3694 1307 3743 οἴονται
1327 3692 1421 3751 αύεοῖς
1438 3689 1509 3744 εἶναι

278 3782 325 3831 καὶ
345 3782 418 3841 αξιοι
436 3782 554 3842 τούτων,
580 3792 610 3830 so
627 3775 664 3830 iet
682 3776 725 3830 die
743 3777 910 3845 Eiiersucht,
937 3777 996 3831 dass
1021 3778 1089 3830 auch
1114 3777 1157 3831 ein
1176 3778 1289 3832 anderer
1306 3792 1335 3831 so
1354 3780 1435 3831 etwas
1453 3776 1508 3842 hat,

278 3864 398 3919 deutlich
416 3866 637 3935 auagesprochen.
674 3865 722 3919 Ala
740 3865 905 3935 Sohlagwort
923 3866 972 3920 der
985 3866 1043 3919 Zeit
1061 3865 1131 3935 zeigt
1147 3882 1198 3920 uns
1217 3866 1325 3922 Ciceros
1343 3865 1509 3935 Korrespon·

279 3954 347 4007 dena
365 3953 409 4008 die
428 3959 576 4024 ζηλοτυπία
595 3955 638 4024 (ad
657 3957 712 4008 att.
731 3954 767 4021 X,
786 3957 833 4023 ΒΔ,
855 3955 889 4022 l).

355 4056 394 4100 m.
413 4043 616 4114 Misericordia]
637 4043 794 4098 Aristoteles
812 4043 938 4097 definiert
957 4043 1035 4114 (rhet.
1053 4043 1090 4112 H,
1111 4045 1152 4111 10,
1171 4060 1196 4113 p.
1216 4044 1310 4099 iasab
1330 4045 1388 4112 13):
1407 4038 1510 4109 ,ζἘσυω

280 4135 317 4201 δὴ
341 4135 440 4196 ἔλεος
463 4138 536 4201 λύπη
562 4155 603 4197 τις
621 4138 669 4190 ἐπὶ
689 4140 850 4206 φαινομένῳ
874 4138 949 4204 κακῷ
968 4138 1111 4206 antaeum]
1139 4132 1335 4204 (vernichtendl
1363 4136 1509 4205 ἢλυπηρῷ

279 4232 331 4277 τοῦ
349 4225 465 4286 ἀναξίου
482 4228 630 4295 τυγχάνειν
643 4222 765 4289 (intuma
778 4222 948 4290 laborantis),
968 4225 984 4277 ὃ
1001 4227 1053 4278 κᾶν
1068 4226 1149 4285 αὐτὸς
1168 4223 1382 4297 προσδοκήσειεν
1401 4226 1436 4276 ἂν
1454 4244 1508 4277 πα-

279 4318 343 4367 daia
366 4315 383 4379 ἢ
405 4324 460 4366 τῶν
484 4316 570 4367 αύτού
588 4334 663 4378 τινα,
689 4317 736 4367 καὶ
755 4324 850 4378 τούτο,
876 4315 945 4367 ὅταν
963 4316 1081 4381 πλησίον
1100 4312 1259 4386 φαίνηται.“
1294 4311 1405 4366 Danach
1424 4312 1509 4366 Las·

279 4399 369 4469 sing:
389 4400 546 4469 „Mitleid
564 4401 600 4455 iat
618 4401 661 4455 die
680 4402 728 4455 aui
745 4416 797 4454 uns
815 4401 948 4469 bezogene
967 4401 1098 4454 nucum
1118 4433 1153 4441 —
1178 4418 1265 4470 angor
1282 4404 1400 4473 (ἄχθος),
1420 4402 1509 4456 imme

278 4492 414 4557 (πένθος),
437 4508 572 4545 aerumna
589 4492 705 4560 (ὀδύνη),
729 4490 805 4543 dolor
822 4493 979 4561 (ἀλγηδών),
998 4490 1163 4557 lamentatio,
1189 4490 1349 4558 sollicitatae,
1375 4491 1507 4555 molestia,

278 4578 431 4647 adflectatio
447 4580 663 4647 (ταπείνωσιςλ),
689 4578 849 4650 desperatio]
868 4579 928 4633 sind
946 4578 989 4633 die
1008 4579 1201 4648 mattharzigen
1219 4579 1426 4648 (asthonischen)
1445 4580 1509 4634 oder
