3642 5225
781 547 838 601 rra.
857 546 890 615 v,
909 562 932 600 ο.
951 548 994 602 as.
1450 542 1502 604 lua

274 712 436 788 trabatur,
459 713 492 775 et
516 729 588 775 oum
612 710 667 774 alii
689 727 799 793 saepe,
823 708 906 791 quod
930 708 1123 790 antepedes
1147 709 1241 785 esset,
1262 726 1326 771 nou
1349 706 1502 785 viderent,

274 818 328 882 ille
351 818 388 881 ia
409 817 601 882 infinitatem
624 835 750 880 omnem
773 816 1049 900 peregrinabatur,
1072 814 1222 879 utnulla
1244 814 1277 878 in
1301 813 1501 879 extremitate

275 925 473 990 consisteret.
506 923 674 989 Traditum
697 925 747 988 est
769 923 869 988 etiam
883 922 1061 986 Homerum
1084 940 1215 987 caecum
1238 920 1353 996 fuisse;
1377 922 1412 984 at
1434 921 1501 986 cius

273 1033 447 1115 picturam,
469 1050 533 1096 non
556 1031 665 1113 poesin
687 1030 842 1094 ridemus.
889 1027 978 1108 Quae
1001 1028 1103 1110 regio,
1133 1046 1214 1110 quae
1238 1046 1306 1105 ora,
1336 1028 1391 1109 qui
1413 1029 1502 1093 locus

276 1137 441 1216 Graeciae,
465 1157 547 1220 quae
571 1139 690 1221 species
713 1137 878 1218 formaque
901 1153 1042 1219 pugnae,
1070 1153 1151 1217 quae
1176 1134 1273 1212 acics,
1302 1133 1386 1217 quod
1408 1135 1503 1199 remi·

275 1246 371 1328 gimo,
396 1245 451 1328 qui
473 1247 581 1309 motus
604 1245 784 1321 hominum,
807 1244 863 1325 qui
886 1243 1027 1308 ferarum
1049 1262 1112 1306 non
1134 1243 1181 1307 ita
1205 1242 1347 1325 expictus
1371 1243 1434 1319 cst,
1456 1244 1503 1320 ut,

277 1371 358 1435 quae
381 1354 448 1436 ipse
472 1371 536 1416 non
558 1351 685 1428 viderit,
713 1370 771 1415 nos
795 1353 833 1414 ut
854 1349 1050 1428 videremur,
1080 1348 1244 1414 effecerit?
1289 1347 1374 1427 Quin
1402 1350 1502 1431 ergo?

276 1463 334 1524 aut
348 1459 487 1524 Homero
504 1459 746 1524 delectationem
763 1458 861 1522 animi
885 1476 921 1522 ao
937 1458 1136 1539 voluptatem
1159 1457 1217 1520 aut
1239 1455 1388 1537 cuiquam
1412 1454 1503 1520 docto

277 1566 414 1630 defuisse
438 1584 592 1647 umquam
616 1566 831 1630 arbitramur?
859 1567 935 1642 aut,
952 1564 986 1628 ni
1008 1565 1055 1628 ita
1079 1582 1113 1628 se
1136 1581 1187 1627 res
1210 1563 1355 1640 haberet,
1378 1564 1565 1636 Anaxa-21,

277 1692 369 1756 goras
393 1675 450 1737 aut
471 1673 524 1737 hio
545 1673 613 1756 ipse
628 1672 830 1737 Democritus
847 1690 939 1754 agros
962 1673 994 1736 et
1009 1670 1200 1754 patrimonia
1216 1689 1275 1734 sua
1290 1669 1504 1751 reliquissent,

275 1780 351 1844 huic
374 1779 516 1844 discendi
539 1778 774 1860 quaerendique
799 1778 924 1843 divinae
948 1778 1151 1843 delectationi
1173 1780 1241 1842 toto
1265 1797 1298 1842 se
1322 1777 1427 1840 animo
1451 1777 1505 1841 de·

274 1886 422 1950 dissent?
450 1886 565 1968 Itaque
582 1905 737 1968 augurem
752 1886 915 1962 Tiresiam,
939 1904 1035 1967 quem
1051 1886 1227 1969 sapientem
1243 1884 1369 1967 fingunt
1384 1886 1504 1967 poetae,

276 2012 452 2075 numquam
475 1993 632 2057 inducunt
654 1993 872 2076 deplorantem
896 1992 1084 2057 caecitatem
1107 2010 1208 2056 suam.
1246 1993 1290 2055 At
1311 2010 1386 2056 vero
1409 1990 1505 2074 Poly-

276 2100 429 2184 phemum
452 2100 612 2164 Homerus
635 2119 710 2164 cum
731 2100 907 2164 immanem
931 2098 1098 2181 ferumque
1121 2099 1277 2177 finxisset,
1308 2119 1381 2164 cnm
1406 2101 1504 2164 ariete

277 2207 374 2271 etism
390 2208 633 2289 conloquentem
649 2206 725 2272 facit
741 2207 872 2288 eiusque
888 2206 1019 2271 laudare
1036 2205 1188 2282 fortunas,
1213 2206 1305 2288 quod,
1322 2225 1386 2288 qua
1402 2208 1506 2286 vellet,

276 2313 400 2396 ingredi
421 2317 530 2396 posset
553 2316 595 2392 et,
619 2333 700 2397 quae
723 2314 829 2390 vellet,
853 2314 1019 2395 attingere.
1054 2313 1153 2378 Recte
1168 2314 1220 2378 hio
1237 2314 1382 2395 quidem;
1405 2314 1505 2378 nihilo

262 2422 362 2486 'euim
387 2423 456 2485 erat
479 2421 546 2505 ipse
571 2421 705 2505 Cyclops
730 2440 828 2502 quam
852 2422 934 2485 aries
957 2421 1011 2484 ille
1035 2419 1229 2503 prudentior.

278 2616 370 2670 obtutu
388 2616 557 2684 „Hinsehen,
574 2616 738 2683 Ansehen“;
756 2615 808 2684 rgl.
828 2616 941 2669 deutsoh
959 2617 1029 2684 „der
1041 2616 1148 2670 Geruch
1166 2616 1213 2668 des
1232 2615 1364 2669 Hundes“
1383 2646 1417 2654 -
1436 2615 1506 2683 „der

278 2705 420 2760 Pflanze“.
435 2736 469 2744 —
489 2710 551 2758 aab
565 2706 654 2774 pedes]
673 2709 751 2761 1de
765 2713 857 2770 ποσίν,
876 2704 1104 2774 sprichwbrtliohe
1118 2704 1267 2758 Redensart
1279 2704 1330 2757 wie
1344 2720 1427 2758 unser
1440 2720 1506 2772 „vor

278 2795 327 2847 der
344 2794 448 2847 Nase“.
474 2825 508 2833 -
533 2793 567 2847 in
584 2793 762 2864 infinitates]
788 2795 822 2848 In
844 2796 897 2849 den
921 2797 990 2850 etwa
1013 2794 1112 2863 siebzig
1129 2810 1182 2848 von
1200 2794 1332 2862 Diogenes
1350 2794 1506 2848 erwahnten

278 2883 414 2938 Schriften
432 2883 541 2937 werden
559 2881 610 2937 alle
629 2883 739 2938 Gabiete
757 2884 804 2937 des
822 2884 970 2953 damaligen
990 2884 1114 2937 Wissens
1132 2882 1275 2937 behandelt
1293 2883 1417 2953 (Physilr,
1438 2883 1505 2938 Geo-

278 2972 395 3041 graphie,
414 2972 500 3026 Musilr
518 2988 544 3025 u.
564 2973 606 3040 a).
625 3004 660 3012 —
678 2973 757 3026 nulla
775 2973 807 3026 in
825 2974 998 3042 carrenaitctc]
1019 2973 1110 3041 „auch
1129 2972 1198 3025 heim
1217 2974 1339 3026 fernsten
1358 2972 1413 3025 Ziel
1431 2973 1508 3027 nicht
1573 3001 1577 3007 -

279 3062 373 3116 stohen
397 3061 534 3116 bleiben“.
558 3093 593 3101 —
617 3079 673 3115 non
693 3061 801 3131 poesin]
827 3066 927 3129 πόησις
951 3063 1098 3133 (ποίησις);
1126 3070 1217 3117 ποιεῖν
1240 3062 1287 3115 das
1311 3060 1506 3115 lunsderische

278 3150 407 3205 Schafien
425 3150 454 3202 in
472 3150 551 3203 Wort
568 3150 623 3203 und
641 3149 710 3217 Bild,
725 3150 817 3218 poesis
836 3149 895 3203 hier
912 3151 959 3204 fiir
976 3150 1111 3220 Dichtung
1128 3153 1180 3204 wie
1198 3151 1262 3205 Hor.
1278 3166 1319 3219 ep.
1339 3150 1375 3218 Il,
1393 3152 1419 3217 3,
1438 3152 1506 3207 361:

279 3242 332 3308 „ut
349 3239 453 3308 pictura
470 3239 594 3308 poesis“;
620 3238 696 3308 „und
714 3239 800 3292 haben
819 3239 868 3292 wir
885 3255 939 3292 von
956 3240 1013 3293 ihm
1032 3240 1076 3293 ein
1095 3239 1233 3307 Gemilde,
1252 3239 1328 3293 nicht
1345 3241 1404 3293 eine
1424 3239 1506 3293 Dich-

278 3331 345 3397 tung
362 3345 411 3382 ror
428 3331 509 3382 uns“.
524 3360 558 3368 -
577 3327 678 3397 specics
696 3329 791 3397 (εἶδος)
809 3329 962 3399 formaque]
981 3329 1189 3397 „Erscheinung
1201 3330 1255 3383 und
1270 3328 1457 3398 Gestaitung“.
1473 3361 1506 3370 -

278 3435 347 3487 quoe
360 3418 419 3486 ipsa
432 3434 488 3471 non
501 3417 609 3487 amad]
629 3417 755 3484 „obwohl
770 3434 801 3471 er
813 3418 852 3472 sie
866 3418 942 3471 nicht
956 3419 1110 3486 geschen“;
1130 3418 1185 3472 also
1199 3419 1242 3472 die
1257 3420 1506 3488 entgcgengesotzte

278 3506 392 3560 Ansioht
410 3523 443 3559 zu
461 3506 521 3561 dem
541 3506 616 3561 Sata:
635 3507 721 3574 „Wer
738 3506 890 3575 behauptet,
910 3507 1012 3561 Homer
1029 3506 1069 3561 sei
1088 3506 1161 3561 blind
1179 3523 1315 3575 gewcsen,
1335 3508 1406 3561 muss
1424 3506 1509 3561 selbst

278 3594 352 3649 blind
371 3595 461 3649 sein“.

355 3699 411 3737 rra.
430 3684 621 3755 Anaacporas]
641 3702 662 3739 a.
682 3703 717 3739 zu
734 3686 785 3753 lII,
804 3689 846 3759 305
883 3686 938 3741 Um
957 3686 1048 3739 besser
1066 3686 1117 3739 den
1136 3685 1368 3739 wissenschaften
1387 3685 1508 3753 obliegen

279 3790 313 3828 ru
331 3774 445 3841 konnen,
464 3773 514 3828 soll
533 3791 563 3828 er
580 3774 637 3828 sein
651 3776 803 3844 Vermbgen
816 3775 1026 3844 vemsohlissigt
1045 3775 1109 3829 oder
1123 3791 1157 3828 an
1174 3775 1334 3829 Verwandte
1349 3774 1509 3828 verschenlrt

277 3862 373 3916 haben.
403 3863 482 3917 Auch
495 3863 632 3918 Demolur't
645 3863 694 3918 soll
713 3864 798 3918 durch
816 3865 890 3918 seiae
905 3865 1002 3919 Reisen
1020 3866 1139 3918 verarmt
1156 3864 1222 3918 sein.
1237 3896 1271 3903 -
1294 3863 1438 3932 ibress'om]
1457 3863 1508 3917 Die

278 3951 373 4020 Pilege
398 3954 446 4007 der
470 3952 699 4023 Wahrsagelrunst
723 3954 766 4007 bei
789 3954 841 4007 den
868 3954 985 4008 maern
1009 3956 1217 4027 (νεκυομαντεῑα
1241 3970 1268 4006 u.
1293 3955 1327 4021 a.)
1354 3953 1429 4006 h‘atte
1456 3952 1509 4006 den

278 4041 384 4096 Namen
402 4042 450 4095 des
467 4042 573 4110 greisen
590 4041 781 4097 thebanischcn
800 4042 897 4097 Schers
915 4042 1038 4112 lebendig
1056 4042 1177 4097 erhalten
1197 4043 1239 4111 (de
1257 4044 1311 4096 nat.
1330 4042 1366 4109 II,
1387 4043 1401 4096 7
1420 4042 1508 4095 neben

278 4129 395 4198 Mopsus,
415 4130 599 4199 Amphiaraus,
619 4130 738 4198 Calchas,
758 4131 894 4200 Helenus),
913 4131 966 4200 vgl
980 4131 1023 4185 die
1037 4131 1231 4185 Tiresiassatire
1245 4132 1292 4200 (Π,
1306 4134 1334 4200 5)
1350 4132 1397 4185 des
1410 4131 1507 4185 Horaz.

278 4220 311 4274 In
337 4219 397 4272 dem
421 4219 544 4273 Konflilrt
566 4219 616 4272 mit
641 4210 741 4289 Odipus
766 4220 855 4290 (Soph.
875 4220 940 4276 Oed.
959 4222 1011 4289 tyr.
1030 4222 1133 4289 316ff.)
1159 4220 1251 4274 betont
1275 4221 1323 4275 der
1348 4220 1508 4289 iiberlegene

279 4309 393 4363 mestas
417 4307 459 4362 die
477 4307 600 4362 Klarheit
623 4308 712 4362 seinos
733 4308 824 4363 Bliclrs
847 4309 999 4378 gegeniiber
1021 4310 1069 4363 der
1086 4309 1278 4378 Verblendung
1300 4310 1348 4363 des
1372 4309 1509 4362 schenden

278 4398 469 4451 Verbreohers.
489 4429 523 4438 -
547 4398 753 4468 Polyphemum]
780 4398 903 4453 Bekannt
920 4398 956 4453 ist
973 4398 1047 4453 seina
1066 4398 1222 4468 Ansprache
1240 4399 1288 4452 des
1306 4399 1432 4452 Widders
1450 4397 1507 4467 (od

279 4486 334 4553 IX,
353 4488 404 4542 447
413 4488 472 4557 fr.);
497 4502 550 4541 von
574 4487 635 4541 dem
660 4488 774 4541 laudare
796 4489 924 4555 fortunas
948 4489 991 4556 (=
1009 4488 1162 4556 fortunam)
1187 4487 1260 4541 steht
1283 4487 1343 4541 dort
1367 4486 1510 4557 eigentlioh

278 4576 375 4631 nichts.
