3642 5225
321 497 373 560 lot
715 498 922 552 Tusculanarum
940 497 1147 566 disputationum

278 661 410 742 arQuae
439 661 615 744 siquando
644 660 759 744 adepta
788 661 849 725 erit
871 660 917 736 id,
948 660 1031 742 quod
1056 660 1084 724 ei
1108 659 1204 724 fuerit
1227 660 1447 742 concupitum,
1480 662 1554 723 tum

321 768 469 834 efferetur
485 769 659 846 alacritate,
683 772 720 832 ut
736 768 864 845 „nihil
888 768 923 831 ei
947 769 1129 844 constet,
1153 766 1257 849 qnod
1282 772 1409 848 agat“,
1432 767 1556 844 utille,

322 877 377 958 qui
393 877 670 959 „voluptatem
694 875 809 939 animi
832 875 997 939 nimiam
1022 893 1216 937 summum
1241 892 1323 937 esse
1347 880 1555 937 errorem“

322 984 504 1048 arbitratur.
541 983 660 1047 Eorum
675 983 773 1064 igitur
788 983 947 1046 malorum
962 981 995 1044 in
1012 999 1075 1044 una
1091 981 1208 1045 virtute
1225 981 1329 1063 posita
1350 981 1475 1044 sanatio
1492 984 1556 1045 est.

270 1093 312 1155 16
411 1089 495 1170 Quid
511 1092 618 1154 autem
642 1091 777 1153 estnon
800 1089 948 1153 miserius
973 1089 1085 1165 solum,
1108 1088 1163 1152 sed
1180 1087 1301 1152 foedius
1326 1088 1423 1152 etiam
1447 1090 1481 1152 et
1497 1088 1554 1152 dc·

321 1197 454 1262 formius
478 1216 576 1278 quam
599 1196 796 1278 aegritudine
821 1197 893 1278 quis
918 1194 1073 1273 addictur,
1098 1195 1291 1272 debilitatus,
1313 1196 1445 1260 iacens?
1491 1195 1554 1260 Oui

321 1304 468 1369 miseriae
491 1305 651 1386 proximus
675 1305 790 1381 estis,
823 1303 878 1384 qui
902 1302 1157 1386 appropinquans
1182 1302 1310 1384 aliquod
1333 1303 1456 1367 malum
1484 1322 1557 1367 me-

322 1411 387 1475 tuit
414 1411 675 1492 exanimatusque
703 1409 821 1494 pendet
849 1410 956 1474 animi.
1002 1408 1106 1488 Quam
1135 1409 1198 1473 vim
1227 1409 1304 1473 mali
1334 1409 1554 1491 significantes

321 1520 433 1602 poetae
456 1518 637 1601 impendere
662 1517 746 1600 apud
768 1516 885 1581 inferos
909 1536 1022 1581 sarum
1045 1517 1178 1581 Tantalo
1202 1515 1324 1581 faciunt

435 1613 490 1708 (ib
514 1643 673 1707 scelera
701 1642 908 1724 animique
932 1642 1221 1724 impotentiam
1249 1640 1288 1705 et
1316 1643 1555 1724 superbilo-

1231 1748 1452 1830 quantiam.

322 1893 370 1956 Ea
393 1891 570 1956 communis
592 1908 695 1974 poena
717 1890 874 1954 stultitiae
899 1893 957 1954 est.
1004 1890 1159 1956 Omnibus
1183 1892 1276 1967 enim,
1301 1911 1436 1973 quorum
1459 1910 1554 1956 mens

282 1999 473 2063 aoabhorret
493 2017 512 2062 a
534 1998 665 2073 ratione,
689 2016 813 2079 semper
837 1998 936 2078 aliqui
953 1998 1026 2061 talis
1050 1999 1152 2062 terror
1175 1998 1345 2080 impendet.
1384 2000 1490 2080 Atque
1514 2000 1558 2062 ut

323 2107 403 2171 haec
433 2106 577 2170 tabificae
606 2105 723 2169 mentis
751 2105 1007 2187 perturbationes
1039 2110 1129 2180 sunt,
1160 2105 1391 2186 aegritudinem
1419 2105 1488 2169 dico
1520 2110 1556 2168 et

323 2216 461 2290 metum,
497 2213 541 2276 sio
570 2212 735 2276 hilariores
765 2212 854 2289 illae,
884 2211 1042 2294 cupiditas
1072 2212 1161 2276 avide
1193 2231 1318 2294 semper
1348 2212 1469 2294 aliquid
1500 2231 1554 2275 er·

323 2322 436 2403 petens
465 2323 498 2383 et
525 2319 629 2382 inanis
658 2319 822 2396 alacritas,
852 2319 884 2382 id
913 2321 964 2383 est
985 2319 1109 2383 laetitia
1136 2319 1291 2400 gestiens,
1320 2338 1383 2383 non
1410 2319 1553 2383 multum

325 2425 475 2490 differunt
498 2426 538 2490 ab
562 2426 710 2490 amentia.
755 2426 802 2489 Er
827 2445 888 2507 qno
912 2427 1124 2508 intellegitur,
1154 2427 1257 2509 qualis
1284 2427 1338 2490 ille
1370 2426 1425 2503 sit,
1456 2445 1554 2507 quem

324 2535 394 2596 tum
417 2532 633 2608 moderatum,
667 2533 745 2596 alias
773 2533 970 2608 modestum,
1001 2537 1067 2596 tum
1090 2536 1339 2617 temperantem,
1370 2534 1449 2596 alias
1480 2552 1554 2597 con-

325 2642 465 2705 stantem
494 2640 773 2721 continentemque
802 2640 954 2713 dicimns;
983 2659 1225 2723 nonnumquam
1251 2642 1330 2706 haec
1359 2641 1470 2705 eadem
1498 2660 1556 2704 vo-

325 2748 439 2812 cabula
462 2747 500 2811 ad
525 2746 719 2827 fmgalitatis
743 2766 857 2811 nomen
880 2752 1048 2829 tamquam
1072 2748 1108 2811 ad
1135 2750 1231 2831 caput
1253 2747 1371 2813 referre
1396 2750 1555 2813 volumus.

326 2853 479 2933 Quodnisi
503 2853 689 2917 eonomine
713 2854 848 2917 virtutes
872 2855 1121 2931 continerentur,
1151 2875 1328 2937 numquam
1357 2856 1404 2919 ita
1427 2856 1555 2938 pervul-

325 2965 438 3043 gatum
464 2959 543 3023 illud
567 2962 668 3038 esset,
697 2962 735 3023 ut
762 2962 827 3024 iarn
855 2961 1011 3044 proverbii
1034 2962 1138 3026 locum
1167 2963 1337 3041 obtineret,
1369 2963 1554 3040 „hominem

325 3067 410 3149 frugi
440 3068 546 3131 omnia
575 3069 660 3131 recte
690 3067 824 3133 facerat
870 3066 961 3147 Quod
990 3068 1076 3132 idem
1106 3089 1179 3133 curn
1209 3069 1308 3134 Stoici
1340 3070 1379 3134 de
1410 3071 1556 3153 sapiente

326 3175 445 3253 dicunt,
467 3176 562 3239 nimis
586 3175 814 3239 admirabiliter
836 3176 995 3257 nimisque
1018 3176 1184 3256 magnifice
1209 3176 1311 3241 dicere
1336 3177 1493 3241 ridentur.

399 3403 493 3459 abfec'
508 3403 592 3470 fuerit
610 3403 794 3472 concupitum]
818 3405 883 3457 statt
907 3403 941 3457 ab
959 3421 991 3457 ec
1008 3405 1028 3471 f.
1048 3421 1070 3458 a.
1095 3433 1130 3443 —
1154 3405 1230 3459 nibil
1246 3405 1274 3459 ei
1290 3407 1398 3475 constet]
1418 3405 1558 3459 vielleioht

325 3492 381 3547 Teii
399 3492 473 3546 eines
490 3492 590 3545 Versos
608 3492 656 3546 des
674 3492 814 3546 Komilrers
833 3491 863 3557 Q.
883 3493 990 3582 Trabea.
1010 3525 1044 3533 —
1067 3496 1152 3564 error]
1171 3511 1264 3563 wegen
1283 3495 1332 3549 der
1349 3495 1555 3549 Wahnvorstcl-

325 3581 391 3651 lung
409 3580 568 3650 (mactabk
586 3580 638 3650 vgl.
658 3585 673 3651 ᾗ
691 3584 734 3637 39.
755 3612 788 3620 -
807 3582 927 3652 sonora]
947 3582 1021 3637 Uber
1039 3583 1081 3637 die
1099 3584 1205 3637 curatio
1224 3587 1314 3653 sptter
1331 3585 1347 3652 ᾗ
1367 3584 1440 3640 58Η.

399 3724 475 3792 Kap.
496 3724 547 3782 16.
587 3724 742 3793 proximus]
768 3724 943 3793 Disposition:
972 3725 1069 3793 libello,
1098 3727 1248 3795 aegritudo,
1277 3732 1370 3781 metas.
1399 3758 1433 3766 —
1457 3727 1558 3796 prodet

326 3812 431 3883 aalma]
456 3813 514 3881 „im
533 3813 622 3867 Geiste
647 3812 744 3867 baltlos
766 3814 837 3882 ist“;
863 3814 916 3883 vgl.
936 3818 951 3885 ᾗ
969 3818 1016 3871 39;
1037 3819 1148 3883 „mente
1166 3816 1213 3869 rix
1232 3818 1368 3870 constes“.
1393 3847 1427 3855 —
1455 3833 1557 3869 aarum

330 3902 450 3972 Tantalo]
475 3918 505 3956 so
524 3902 592 3956 anch
610 3904 643 3956 de
661 3903 710 3955 fin.
730 3904 751 3970 l,
771 3906 806 3959 60
824 3904 909 3973 (nicht
926 3904 960 3957 aia
977 3922 1051 3973 aquo
1068 3907 1169 3973 alona);
1195 3906 1238 3959 die
1261 3905 1365 3974 gleiche
1383 3904 1558 3973 Darstellung

326 3991 370 4046 bei
388 3992 488 4046 Pindar
504 3993 559 4046 und
573 3991 721 4061 Euripides.
741 4024 775 4032 -
793 3993 1079 4064 superbiloquentiam]
1098 3994 1203 4049 Beliebt
1220 3995 1279 4049 sind
1298 3994 1341 4048 bei
1359 3995 1411 4048 den
1426 3994 1557 4048 Dichtern

327 4081 384 4150 (des
403 4082 532 4135 Mettums
551 4080 653 4150 halbcr)
671 4081 715 4135 die
733 4081 888 4150 Komposita
905 4082 955 4135 mit
973 4084 1083 4152 loquor:
1100 4084 1307 4153 grandiloquum,
1325 4084 1528 4152 fallaciloquae.

400 4183 441 4226 aa.
465 4171 636 4238 frugalitatis
660 4174 769 4241 nomen]
793 4187 814 4225 s.
833 4172 891 4239 IH,
913 4172 983 4228 lsstf.
1009 4172 1097 4242 (frugi
1114 4173 1287 4242 „waclrer“);
1307 4178 1388 4242 copul
1407 4172 1558 4241 „Quellc“,

328 4257 574 4327 „iibergeordneter
597 4259 733 4328 Begriff“.
759 4292 794 4301 —
815 4260 955 4329 prouerbii
972 4301 978 4314 .
993 4302 1019 4315 ..
1041 4262 1138 4331 Stoica]
1164 4262 1214 4317 Die
1239 4262 1371 4316 rbmische
1395 4261 1557 4316 Volksweis·

325 4346 383 4400 heit
405 4347 453 4401 hat
476 4348 557 4401 schon
583 4349 630 4402 das
653 4349 714 4402 Bild
740 4350 908 4419 aufgestellt,
934 4351 981 4405 das
1005 4367 1068 4404 man
1092 4352 1159 4420 jetnt
1183 4351 1222 4405 als
1246 4352 1293 4405 das
1317 4351 1386 4404 hoho
1409 4350 1484 4405 Ideal
1508 4352 1560 4405 der

326 4436 430 4491 Stoiler
454 4439 579 4491 anstaunt
603 4439 770 4508 (gezeiohnet
792 4439 828 4493 ist
850 4440 898 4493 das
916 4439 977 4494 Bild
999 4441 1034 4494 de
1052 4441 1101 4494 fin.
1120 4441 1171 4511 111,
1192 4443 1227 4498 'lb
1245 4459 1270 4495 u.
1291 4443 1338 4508 76,
1364 4440 1491 4494 larikiert
1508 4457 1560 4509 pro

326 4524 395 4579 Mur.
416 4526 469 4594 62).
